@ARTICLE{SunJun_fano,
    Author         = {孙军},
    Journal        = {北京邮电大学},
    Pages          = {1--25},
    Title          = {卷积码的序列译码算法及信道模拟},
    Year           = {2006}
}

@BOOK{Digital_communications,
    Author         = {John G.Proakis},
    Publisher      = {Publishing House of Electronics Industry},
    Title          = {Digital Communications Fourth Edition},
    Year           = {2008},
}

@BOOK{Coding_Theory,
    Author         = {Ander Neubauer,Jurgen Freudenberger and Volker Kuhn},
    Publisher      = {POSTS\& TELECOM PRESS},
    Title          = {Coding Theory Algorithms,Architectures and Applications},
    Year           = {2009},
}

@BOOK{Coding_Fundation,
    Author         = {陈鲁生，沈世镒},
    Publisher      = {高等教育出版社},
	 Pages          = {10--25},
    Title          = {编码理论基础},
    Year           = {2010},
}

@BOOK{JINSHIDAISHU,
    Author         = {张禾瑞},
    Publisher      = {人民教育出版社},
	 Pages          = {100--125},
    Title          = {近世代数基础},
    Year           = {1952},
}
@BOOK{Error_fano,
    Author         = {George C.Ckark,Jr. and J.Bibb Cain},
    Publisher      = {PLENUM PRESS nEW YORK AND LONDON},
    Title          = {Error-Correction Coding for Digital Communications},
    Year           = {1995},
}
@BOOK{ioa_communications,
    Author         = {周炯槃，庞沁华，续大我，吴伟陵},
    Publisher      = {北京邮电大学出版社},
    Title          = {通信原理(合订本)},
    Year           = {2005},
}
@ARTICLE{LiJianguo_BCH,
    Author         = {李志国，张伟功},
    Journal        = {计算机技术与发展},
    Number         = {4},
    Pages          = {178--180},
    Title          = {一种新型快速纠二错BCH码译码器的设计},
    Volume         = {30},
    Year           = {2004}
}
@ARTICLE{LiuYing_fano,
    Author         = {刘颖，喻文芳，周辉},
    Journal        = {装指挥技术学院学报},
    Number         = {4},
    Pages          = {59--63},
    Title          = {一种基于最小汉明距离的卷积码},
    Volume         = {13},
    Year           = {2002}
}

@ARTICLE{LiuLingzhi_BCH,
    Author         = {刘凌志，戎蒙恬，罗伟毅},
    Journal        = {计算机工程},
    Number         = {22},
    Pages          = {171--174},
    Title          = {BCH码迭代译码算法及软件实现方法},
    Volume         = {17},
    Year           = {2007}
}

@ARTICLE{TangJianjun_BCH,
    Author         = {唐建军，纪越峰},
    Journal        = {通信学报},
    Number         = {9},
    Pages          = {21--27},
    Title          = {超高速BCH码解码改进算法研究},
    Volume         = {25},
    Year           = {2004}
}

@ARTICLE{Jonathan_BCH,
    Author         = {Jonathan Hong and Martin Vetterli},
    Journal        = {IEEE TRANSACTIONS ON COMMUNICATIONS},
    Number         = {8},
    Pages          = {64--73},
    Title          = {A Heuristic Dicussion of Probabilistic Decoding},
    Volume         = {43},
    Year           = {1963}
}

@ARTICLE{ROBERT_FANO,
    Author         = {ROBERT M. FANO},
    Journal        = {IEEE TRANSACTIONS ON INFORMATION THEORY},
    Number         = {8},
    Pages          = {2324--2333},
    Title          = {Simple Algorithms for BCH Decoding},
    Volume         = {43},
    Year           = {1995}
}

@ARTICLE{ER_BCH,
    Author         = {E.R.Berlekamp},
    Journal        = {McGraw-Hill},
    Number         = {7},
    Title          = {Algebraic Coding Theory},
    Year           = {1968}
}

@ARTICLE{Cheng_BCH,
    Author         = {U.Cheng},
    Journal        = {IEEE TRANSACTIONS ON INFORMATION THEORY},
    Number         = {30},
    Pages          = {541--544},
    Title          = {On the continued fraction and Berlekamp's algorithm},
    Volume         = {30},
    Year           = {1984}
}

@ARTICLE{Massey_BCH,
    Author         = {J.L. Massey},
    Journal        = {IEEE TRANSACTIONS ON INFORMATION THEORY},
    Number         = {1},
    Pages          = {122--127},
    Title          = {Shift register synthesis and BCH decoding},
    Volume         = {15},
    Year           = {1969}
}
@ARTICLE{XiangXi_GF,
    Author         = {向茜，刘钊},
    Journal        = {电子科技大学学报},
    Number         = {1},
    Pages          = {5--8},
    Title          = {伽罗华域上代数运算的最简实现},
    Volume         = {29},
    Year           = {2000}
}
@ARTICLE{Anderson_fano,
    Author         = {J.B.Anderson and S.Mohan},
    Journal        = {IEEE TRANSACTIONS ON COMMUNICATIONS},
    Number         = {2},
    Pages          = {169--176},
    Title          = {Sequential coding algorithms:a survey and cost
      analysis},
    Volume         = {32},
    Year           = {1984}
}

@ARTICLE{Forney_fano,
    Author         = {Jr.G.D.Forney and E.K.Bower},
    Journal        = {IEEE TRANSACTIONS ON COMMUNICATIONS},
    Number         = {5},
    Pages          = {821--835},
    Title          = {A high-speed sequential decoder:prototype design and test},
    Volume         = {19},
    Year           = {1971}
}

@ARTICLE{Geist_fano,
    Author         = {J.M.Geist},
    Journal        = {IEEE TRANSACTIONS ON COMMUNICATIONS},
    Number         = {4},
    Pages          = {415--419},
    Title          = {Am empirical comparison of two sequential decoding algorithms},
    Volume         = {19},
    Year           = {1971}
}
@ARTICLE{John_fano,
    Author         = {J.M.Geist},
    Journal        = {Journal of the Society for Industrial and Applied Mathematics},
    Number         = {2},
    Pages          = {300--304},
    Title          = {Polynomial Codes Over Certain Finite Fields},
    Volume         = {8},
    Year           = {1960}
}


@ARTICLE{KV_RS,
    Author         = {R.Koetter,A.Vardy},
    Journal        = {IEEE Information Theory},
    Number         = {8},
    Pages          = {2809--2825},
    Title          = {Algebraic Soft-decision Decoding of Reed-Solomon Codes},
    Volume         = {49},
    Year           = {2003}
}
@ARTICLE{GS_RS,
    Author         = {V.Guruswami,M.Sudan},
    Journal        = {IEEE Trans. Information Theory},
    Number         = {8},
    Pages          = {1757--1767},
    Title          = {Improved decoding of Reed-Solomon and algebraic-geometry codes},
    Volume         = {45},
    Year           = {1999}
}

@ARTICLE{ABP_RS,
    Author         = {J.Jiang,K.R.Narayanan},
    Journal        = {IEEE Information Theory},
    Number         = {8},
    Pages          = {3746--3756},
    Title          = {Iterative soft-input-soft-output decoding of Reed-Solomon codes by adapting the parity check matrix},
    Volume         = {52},
    Year           = {2006}
}
@ARTICLE{Reed_RS,
    Author         = {I.S.Reed,G.Solomon},
    Journal        = {IEEE TRANSACTIONS ON INFORMATION THEORY},
    Number         = {4},
    Pages          = {519--526},
    Title          = {Search Properties of Some Sequential Decoding
      Algorithms},
    Volume         = {19},
    Year           = {1973}
}

@MISC{ChenWenli_RS,
    Author         = {陈文礼},
    Title          = {RS纠错编码原理及其实现方法},
    Year           = {2000}
}

@MISC{Nadia_BCH,
    Author         = {Nadia Ben Atti,Gema M.Diaz-Toca and Henri Lombardi},
    Title          = {The Berlekamp-Massey Algorithm revistited},
    Year           = {2000}
}

@MISC{Gong_BCH,
    Author         = {Guang Gong},
    Title          = {Berlekamp-Massey Algorithm and Linear Span},
    Year           = {1999}
}


@MISC{Example_BCH,
    Author         = {DR.SAMUEL J.LOMONACO},
    Title          = {AN EXAMPLE OF THE BCH CODE DECODING ALGORITHM},
    Year           = {2007}
}

@MISC{Goodman_fano,
    Author         = {R.M.F.Goodman,B.Sc.,Ph.D.,C.Eng.,M.I.E.E.,and
      A.F.T.Winfield,B.Sc},
    Title          = {Soft-decision minimum-distance sequential decoding
      algorithm for convolutional codes},
    Year           = {1981}
}

@MISC{Han_fano,
    Author         = {Yunghsiang S. Han},
    Title          = {Sequential Decoding of Binary Convolutional Codes},
    Year           = {2005}
}


@MISC{Blahut_BM,
    Author         = {Richard E.Blahut},
    Title          = {Theory and Practice of Error Control Codes},
	Publisher      = {Addison-Wesley},
    Year           = {1983}
}










@MISC{UCI,
    Author         = {Blake, C.L. and Merz, C.J.},
    Howpublished   = {http://www.ics.uci.edu/~mlearn/MLRepository.html},
    Title          = {{UCI} Repository of machine learning databases},
    Year           = {1998}
}

@INPROCEEDINGS{NPE,
    Author         = {Xiaofei He and Deng Cai and Shuicheng Yan and Hong-Jiang Zhang},
    Booktitle      = {Proc. Intternational Conference on Computer Vision (ICCV'05)},
    Title          = {Neighborhood Preserving Embedding},
    Year           = {2005},
}

@ARTICLE{Asymmetric-bagging-and-random-subspace-for-SVM-based-relevance-feedback,
    Author         = {Dacheng Tao and Xiaoou Tang and Xuelong Li and Xindong Wu},
    Journal        = {IEEE Transactions on Pattern Analysis and Machine Intelligence},
    Number         = {7},
    Pages          = {1088--1099},
    Title          = {Asymmetric Bagging and Random Subspace for Support Vector Machines-based Relevance Feedback in Image Retrieval},
    Volume         = {28},
    Year           = {2006}
}

@ARTICLE{color-indexing,
    Author         = {M. J. Swain and D. H. Ballard},
    Journal        = {International Journal of Computer Vision},
    Number         = {1},
    Pages          = {11--32},
    Title          = {Color Indexing},
    Volume         = {7},
    Year           = {1991}
}

@ARTICLE{Kernel-direct-biased-discriminant-analysis-a-new-content-based-image-retrieval,
    Author         = {Dacheng Tao and Xiaoou Tang and Xuelong Li and Yong Rui},
    Journal        = {IEEE Transactions on Multimedia},
    Number         = {4},
    Pages          = {716--727},
    Title          = {Kernel Direct Biased Discriminant Analysis: A New Content-Based Image Retrieval Relevance Feedback Algorithm},
    Volume         = {8},
    Year           = {2006}
}

@ARTICLE{Negative-Samples-Analysis-in-Relevance-Feedback,
  AUTHOR =       {Dacheng Tao and Xuelong Li and Stephen Maybank},
  TITLE =        {Negative Samples Analysis in Relevance Feedback},
  JOURNAL =      {IEEE Transactions on Knowledge and Data Engineering},
  YEAR =         {2007},
  volume =       {19},
  number =       {4},
  pages =        {568--580},
  month =        {April},
}

@MISC{YaleFaceDatabase,
    Howpublished   = {http://cvc.yale.edu/projects/yalefaces/yalefaces.html},
    Title          = {Yale Univ. Face Database},
    Year           = {2002}
}

@ARTICLE{Relevance-Feedback-A-Power-Tool,
    Author         = {Yong Rui and Thomas S. Huang and Michael Ortega and Sharad Mehrotra},
    Journal        = {IEEE Transactions on Circuits and Systems for Video Technology},
    Number         = {5},
    Title          = {Relevance Feedback: A Power Tool for Interative Content-Based Image Retrieval},
    Volume         = {8},
    Year           = {1998}
}

@ARTICLE{wavelet-based-rate-scalable-video-compression,
    Author         = {K. Shen and E. J. Delp},
    Journal        = {IEEE Trans. on Circuits and Systems for Video Technology},
    Number         = {1},
    Title          = {Wavelet based Rate Scalable Video Compression},
    Volume         = {9},
    Year           = {1999}
}

@ARTICLE{image-compression-with-edge-based-inpainting,
    Author         = {Dong Liu and Xiaoyun Sun and Feng Wu and Shipeng Li and Ya-Qin Zhang},
    Journal        = {IEEE Transactions on Circuits and Systems for Video Technology},
    Number         = {10},
    Title          = {Image Compression With Edge-Based Inpainting},
    Volume         = {17},
    Year           = {2007}
}

@inproceedings{VisualSEEk-a-fully-automated-content-based-image-query-system,
     author = {J. Smith and S.-F. Chang},
     title = {{VisualSEEk}: a fully automated content-based image query system},
     booktitle = {Proceedings of the ACM Conference on Multimedia},
     address = {New York},
     year = {1996},
 }

@inproceedings{Regularized-Regression-on-Image-Manifold-for-Retrieval,
     author = {Deng Cai and Xiaofei He and Jiawei Han},
     title = {Regularized Regression on Image Manifold for Retrieval},
     booktitle = {Proc. 9th ACM SIGMM International Workshop on Multimedia Information Retrieval},
     address = {Augsburg, Germany},
     year = {2007},
}

@ARTICLE{CBIR-at-the-end-of-the-early-years,
    Author         = {Arnold W.M. Smeulders and Marcel Worring and Simone Santini and Amarnath Gupta and Ramesh Jain},
    Journal        = {IEEE Transactions on Pattern Analysis and Machine Intelligence},
    Number         = {12},
    Pages          = {1349-1380},
    Title          = {Content-Based Image Retrieval at the End of the Early Years},
    Volume         = {22},
    Year           = {2000}
}

@ARTICLE{Learning-a-Semantic-Space-From-User-Relevance-Feedback-for-Image-Retrieval,
    Author         = {Xiaofei He and Oliver King and Wei-Ying Ma and Mingjing Li and Hong-Jiang Zhang},
    Journal        = {IEEE Transactions on Circuits and Systems for Video Technology},
    Number         = {1},
    Title          = {Learning a Semantic Space from User's Relevance Feedback for Image Retrieval},
    Volume         = {13},
    Year           = {2003}
}

@ARTICLE{PIEfaceDatabase,
    Author         = {T. Sim and S. Baker and M. Bsat},
    Journal        = {IEEE Transactions on Pattern Analysis and Machine Intelligence},
    Number         = {12},
    Pages          = {1615-1618},
    Title          = {The {CMU} Pose, Illuminlation, and Expression Database},
    Volume         = {25},
    Year           = {2003}
}

@ARTICLE{Using-Discriminant-Eigenfeatures-for-Image-Retrieval,
    Author         = {Daniel L. Swets and John Weng},
    Journal        = {IEEE Transactions on Pattern Analysis and Machine Intelligence},
    Number         = {8},
    Pages          = {831-836},
    Title          = {Using Discriminant Eigenfeatures for Image Retrieval},
    Volume         = {18},
    Year           = {1996}
}

@INCOLLECTION{LPP,
    Author         = {Xiaofei He and Partha Niyogi},
    Booktitle      = {Advances in Neural Information Processing Systems 16},
    Title          = {Locality Preserving Projections},
    Year           = {2003},
    PUBLISHER      = {MIT Press},
    address        = {Cambridge, MA},
}


@BOOK{Duda,
    Address        = {Hoboken, NJ},
    Author         = {R. O. Duda and P. E. Hart and D. G. Stork},
    Edition        = {2nd},
    Publisher      = {Wiley-Interscience},
    Title          = {Pattern Classification},
    Year           = {2000},
}

@BOOK{Matrix-algebra-statistician,
    Author         = {David A. Harville},
    Publisher      = {Springer-Verlag},
    Title          = {Matrix Algebra from a Statistician's Perspective},
    Year           = {1997},
}

@BOOK{Spline-Models,
    Author         = {G. Wahba},
    Publisher      = {Society for Industrial and Applied Mathematics},
    Title          = {Spline Models for Observational Data},
    Year           = {1990},
}


@BOOK{PatternRecognitionTK,
    Author         = {S. Theodoridis and K. Koutroumbas},
    Publisher      = {Academic Press},
    Title          = {Pattern Recognition},
    Year           = {1999}
}

@BOOK{Matching,
    Address        = {North Holland, Budapest},
    Author         = {L. Lovasz and M. Plummer},
    Publisher      = {Akad$\acute{e}$miai Kiad$\acute{o}$},
    Title          = {Matching Theory},
    Year           = {1986}
}

@ARTICLE{NCut,
    Author         = {J. Shi and J. Malik},
    Journal        = {IEEE Transactions on Pattern Analysis and Machine Intelligence},
    Number         = {8},
    Pages          = {888-905},
    Title          = {Normalized Cuts and Image Segmentation},
    Volume         = {22},
    Year           = {2000}
}

@ARTICLE{PCAVersusLDA,
    Author         = {A. M. Martinez and A. C. Kak},
    Journal        = {IEEE Transactions on Pattern Analysis and Machine Intelligence},
    Number         = {2},
    Pages          = {228-233},
    Title          = {{PCA} Versus {LDA}},
    Volume         = {23},
    Year           = {2001}
}

@ARTICLE{An-Optimal-Transformation-for-Discriminant-and-Principal-Component-Analysis,
    Author         = {J. Duchene and S. Leclercq},
    Journal        = {IEEE Transactions on Pattern Analysis and Machine Intelligence},
    Number         = {6},
    Pages          = {978-983},
    Title          = {An Optimal Transformation for Discriminant and Principal Component Analysis},
    Volume         = {10},
    Year           = {1988},
}

@ARTICLE{sherman-morrison-formula,
    Author         = {J. Sherman and W. J. Morrison},
    Journal        = {Annals of Mathematical Statistics},
    Pages          = {124-127},
    Title          = {Adjustment of an Inverse Matrix Corresponding to a Change in One Element of a Given Matrix},
    Volume         = {21},
    Year           = {1950},
}

@book{optimal-experimental-design,
    author = "A. C. Atkinson and A. N. Donev",
    title = "Optimum Experimental Designs",
    publisher = "Oxford University Press",
    year = "2007",
}


@ARTICLE{GraphEmbeddingandLaplacianEigenvalues,
    Author         = {Stephen Guattery and Gary L. Miller},
    Journal        = {SIAM Journal on Matrix Analysis and Applications},
    Number         = {3},
    Pages          = {703-723},
    Title          = {Graph Embeddings and Laplacian Eigenvalues},
    Volume         = {21},
    Year           = {2000}
}



@ARTICLE{Hierarchical-feature-selection-applied-to-CBIR,
    Author         = {Dy, J. and Brodley, C. E. and Kak, A. and Broderick, L. S. and Aisen, A. M.},
    Journal        = {IEEE Transactions on Pattern Analysis and Machine Intelligence},
    Pages          = {373-378},
    Title          = {Hierarchical feature selection applied to content-based image retrieval},
    Volume         = {25},
    Year           = {2003}
}

@ARTICLE{Principal-Manifolds-and-Nonlinear-Dimension-Reduction-via-Local-Tangent-Space-Alignment,
    Author         = {Zhengyue Zhang and Hongyuan Zha},
    Journal        = {SIAM Journal of Scientific Computing},
    Number         = {1},
    Title          = {Principal Manifolds and Nonlinear Dimension Reduction via Local Tangent Space Alignment},
    Volume         = {26},
    Year           = {2004}
}


@ARTICLE{fisherface,
    Author         = {Peter N. Belhumeur and J. P. Hepanha and David J. Kriegman},
    Journal        = {IEEE Transactions on Pattern Analysis and Machine Intelligence},
    Number         = {7},
    Pages          = {711-720},
    Title          = {Eigenfaces vs. fisherfaces: recognition using class specific linear projection},
    Volume         = {19},
    Year           = {1997}
}

@ARTICLE{eigenface,
    Author         = {M. Turk and A. Pentland},
    Journal        = {Journal of Cognitive Neuroscience},
    Number         = {1},
    Pages          = {71-86},
    Title          = {Eigenfaces for recognition},
    Volume         = {3},
    Year           = {1991}
}

@ARTICLE{Think-Globally-Fit-Locally-Unsupervised-Learning-of-Low-Dimensional-Manifolds,
    Author         = {Lawrence K. Saul and Sam T. Roweis},
    Journal        = {Journal of Machine Learning Research},
    Pages          = {119-155},
    Title          = {Think Globally, Fit Locally: Unsupervised Learning of Low Dimensional Manifolds},
    Volume         = {4},
    Year           = {2003}
}

@ARTICLE{TheManifoldWaysOfPerception,
    Author         = {H. Sebastian Seung and Daniel D. Lee},
    Journal        = {Science},
    Number         = {12},
    Title          = {The Manifold Ways of Perception},
    Volume         = {290},
    Year           = {2000}
}

@INPROCEEDINGS{Cluster-Kernels-for-Semi-Supervised-Learning,
    Author         = {O. Chapelle and J. Weston and B. Sch$\ddot{o}$lkopf},
    Booktitle      = {Advances in Neural Information Processing Systems 16},
    Title          = {Cluster Kernels for Semi-supervised Learning},
    Year           = {2003}
}

@INPROCEEDINGS{ChartingaManifold,
    Author         = {M. Brand},
    Booktitle      = {Advances in Neural Information Processing Systems 16},
    Title          = {Charting a manifold},
    Year           = {2003}
}

@INPROCEEDINGS{Robust-design-of-biological-experiments,
    Author         = {Patrick Flaherty and Michael I. Jordan and Adam P. Arkin},
    Booktitle      = {Advances in Neural Information Processing Systems 18},
    Title          = {Robust Design of Biological Experiments},
    address        = {Vancouver, Canada},
    Year           = {2005}
}

@INPROCEEDINGS{Intrinsic-Dimension-Estimation-Using-Packing-Numbers,
    Author         = {B. Kegl},
    Booktitle      = {Advances in Neural Information Processing Systems 15},
    Title          = {Intrinsic Dimension Estimation Using Packing Numbers},
    Year           = {2002}
}

@INPROCEEDINGS{Limits-of-Spectral-Clustering,
    Author         = {U. von Luxburg and O. Bousquet and M. Belkin},
    Booktitle      = {Advances in Neural Information Processing Systems 17},
    Title          = {Limits of Spectral Clustering},
    Year           = {2004}
}

@INPROCEEDINGS{On-Manifold-Regularization,
    Author         = {M. Belkin and P. Niyogi and V. Sindwani},
    Booktitle      = {Tenth International Workshop on Artificial Intelligence and Statistics},
    Title          = {On Manifold Regularization},
    Year           = {2005}
}

@TECHREPORT{Finding-the-Homology-of-Submanifolds-with-High-Confidence-from-Random-Samples,
    Author         = {P. Niyogi and S. Smale and S. Weinberger},
    Institution    = {Department of Computer Science, University of Chicago},
    Title          = {Finding the Homology of Submanifolds with High Confidence from Random Samples},
    Type           = {Technical Report TR-2004-08},
    Year           = {2004}
}

@INPROCEEDINGS{FeatureSelectionforSVMs,
    Author         = {J. Weston and S. Mukherjee and O. Chapelle and M. Pontil and T. Poggio and V. Vapnik},
    Booktitle      = {Advances in Neural Information Processing Systems 14},
    Title          = {Feature Selection for SVMs},
    Year           = {2001}
}

@INPROCEEDINGS{Face-Recognition-Using-Kernel-Based-Fisher-Discriminant-Analysis,
    Address        = {Washington, D. C.},
    Author         = {Q. Liu and R. Huang and H. Lu and S. Ma},
    Booktitle      = {Proc. of the fifth International Conference on Automatic Face and Gesture Recognition},
    Month          = {May},
    Title          = {Face Recognition Using Kernel Based Fisher Discriminant Analysis},
    Year           = {2002}
}

@INPROCEEDINGS{Kernel-Eigenfaces-vs-Kernel-Fisherfaces-Face-Recognition-Using-Kernel-Methods,
    Address        = {Washington, D. C.},
    Author         = {Ming-Hsuan Yang},
    Booktitle      = {Proc. of the fifth International Conference on Automatic Face and Gesture Recognition},
    Month          = {May},
    Title          = {Kernel Eigenfaces vs. Kernel Fisherfaces: Face Recognition Using Kernel Methods},
    Year           = {2002}
}

@INPROCEEDINGS{KernelFaceYang,
    Author         = {Ming-Hsuan Yang},
    Booktitle      = {Advances in Neural Information Processing Systems 14},
    Title          = {Face Recognition Using Kernel Methods},
    Year           = {2001}
}


@INPROCEEDINGS{Random-Sampling-LDA,
    Author         = {X. Wang and X. Tang},
    Booktitle      = {IEEE Conference on Computer Vision and Pattern Recognition},
    Title          = {Random Sampling LDA for Face Recognition},
    Year           = {2004}
}

@INPROCEEDINGS{texture-features-and-learning-similarity,
    Author         = {W.-Y. Ma and B. S. Manjunath},
    Booktitle      = {IEEE Conference on Computer Vision and Pattern Recognition},
    Title          = {Texture Features and Learning Similarity},
    pages          = {425--430},
    address        = {San Francisco, CA},
    Year           = {1996}
}

@INPROCEEDINGS{Modified-fourier-descriptors,
    Author         = {Y. Rui and A. C. She and T. S. Huang},
    Booktitle      = {Proc. First International Workshop on Image Databases and Multi Media Search},
    Title          = {Modified Fourier Descriptors for Shape Representation - A Practical Approach},
    Year           = {1996}
}

@INPROCEEDINGS{FeatureSelectionbyMaximumMarginalDiversity,
    Author         = {N. Vasconcelos},
    Booktitle      = {Advances in Neural Information Processing Systems 15},
    Title          = {Feature Selection by Maximum Marginal Diversity},
    Year           = {2002}
}

@INPROCEEDINGS{brand_ijcai2003,
    Author         = {M. Brand},
    Booktitle      = {International Joint Conference on Artificial Intelligence},
    Title          = {Continuous nonlinear dimensionality reduction by kernel eigenmaps},
    Year           = {2003}
}

@INPROCEEDINGS{SomeApplicationsOfLaplaceEigenvaluesofGraphs,
    Author         = {Bojan Mohar},
    Booktitle      = {In G. Hahn and G. Sabidussi, editors, Graph Symmetry: Algebraic Methods and Applications},
    Title          = {Some Applications of Laplace Eigenvalues of Graphs},
    Year           = {1997}
}

@INPROCEEDINGS{LearningToFilterNews,
    Author         = {K. Lang},
    Booktitle      = {Proc. of the 12th Int. Conf. on Machine Learning},
    Title          = {Learning to filter netnews},
    Year           = {1995}
}

@INPROCEEDINGS{RegionBasedPCA,
    Author         = {Anat Levin and Amnon Shashua},
    Booktitle      = {Proc. of the European Conference on Computer Vision},
    Title          = {Principal Component Analysis over Continuous Subspaces and Intersection of Half-Spaces},
    Year           = {2002}
}


@INCOLLECTION{NgSpectral,
    Author         = {Andrew Y. Ng and Michael Jordan and Yair Weiss},
    Booktitle      = {Advances in Neural Information Processing Systems 14},
    Title          = {On Spectral Clustering: Analysis and an Algorithm},
    Year           = {2001},
    PUBLISHER      = {MIT Press},
    address        = {Cambridge, MA},
  pages     = "849-856",
}


@INPROCEEDINGS{Global-Coordination-of-Local-Linear-Models,
    Author         = {Sam Roweis and Lawrence Saul and Geoff Hinton},
    Booktitle      = {Advances in Neural Information Processing Systems 14},
    Title          = {Global Coordination of Local Linear Models},
    Year           = {2001}
}

@INPROCEEDINGS{learning-a-classification-model-for-segmentation,
    Author         = {X. Ren and J. Malik},
    Booktitle      = {Proc. 9th IEEE International Conference on Computer Vision},
    Title          = {Learning a Classification Model for Segmentation},
    address        = {France},
    Year           = {2003}
}

@INPROCEEDINGS{colorization-using-optimization,
    AUTHOR = "Anat Levin and Dani Lischinski and Yair Weiss",
    TITLE = "Colorization using Optimization",
    BOOKTITLE = "ACM SIGGRAPH",
    address = {Los Angeles, CA},
    YEAR = "2004"
}

@INPROCEEDINGS{Manifold-Pursuit-A-New-Approach-to-Appearance-Based-Recognition,
    Address        = {Quebec, Canada},
    Author         = {A. Shashua and A. Levin and S. Avidan},
    Booktitle      = {International Conference on Pattern Recognition},
    Month          = {August},
    Title          = {Manifold Pursuit: A New Approach to Appearance Based Recognition},
    Year           = {2002}
}

@INPROCEEDINGS{SegmentationUsingEigenvectors,
    Author         = {Yair Weiss},
    Booktitle      = {Proc. Int. Conf. Computer Vision (ICCV'99)},
    Pages          = {975-982},
    Title          = {Segmentation Using Eigenvectors: A Unifying View},
    Year           = {1999},
    ADDRESS        = {Kerkyra, Greece},
    MONTH          = {Sept.},
}

@INPROCEEDINGS{WeissSpectral,
    Author         = {Yair Weiss},
    Booktitle      = {Proc. Int. Conf. Computer Vision (ICCV'99)},
    Pages          = {975-982},
    Title          = {Segmentation Using Eigenvectors: A Unifying View},
    Year           = {1999},
    ADDRESS        = {Kerkyra, Greece},
    MONTH          = {Sept.},
}

@TECHREPORT{PageRank,
    Author         = {L. Page and S. Brin and R. Motwani and T. Winograd},
    Institution    = {Stanford University},
    Title          = {The PageRank citation ranking: Bringing order to the web},
    Year           = {1998},
}

@ARTICLE{HITS,
    Author         = {J. Kleinberg},
    Journal        = {Journal of the ACM},
    Number         = {5},
    Pages          = {604--622},
    Title          = {Authoritative sources in a hyperlinked environment},
    Volume         = {46},
    Year           = {1999}
}

@INPROCEEDINGS{BLLA,
    Author         = {Deng Cai and Xiaofei He and Ji-Rong Wen and Wei-Ying Ma},
    Booktitle      = {Proc. 2004 Int. Conf. on Research and Development in Information Retrieval (SIGIR'04)},
    Title          = {Block-level link analysis},
    Year           = {2004},
    ADDRESS        = {Sheffield, UK},
    MONTH          = {July},
    PAGES          = {440-447},
}

@INPROCEEDINGS{LOD,
    Author         = {Xiaofei He and Wanli Min and Deng Cai and Kun Zhou},
    Booktitle      = {Proc. 2007 International Conference on Research and Development in Information Retrieval (SIGIR'07)},
    Title          = {Laplacian Optimal Design for Image Retrieval},
    Year           = {2007},
    ADDRESS        = {Amsterdam, The Netherlands},
    MONTH          = {July}
}

@INPROCEEDINGS{BlockSearch,
    Author         = {Deng Cai and Shipeng Yu and Ji-Rong Wen and Wei-Ying Ma},
    Booktitle      = {Proceedings of the 27th annual international conference on Research and development in information retrieval},
    Pages          = {456--463},
    Publisher      = {ACM Press},
    Title          = {Block-based web search},
    Year           = {2004},
    Location       = {Sheffield, United Kingdom}
}

@INPROCEEDINGS{LPI,
    Author         = {Xiaofei He and Deng Cai and Haifeng Liu and Wei-Ying Ma},
    Booktitle      = {Proc. 2004 Int. Conf. on Research and Development in Information Retrieval (SIGIR'04)},
    Title          = {Locality preserving indexing for document representation},
    Year           = {2004},
    ADDRESS        = {Sheffield, UK},
    MONTH          = {July},
    PAGES          = {96-103},

}

@ARTICLE{LSI,
    Author         = {S. C. Deerwester and S. T. Dumais and T. K. Landauer and G. W. Furnas and R. A. harshman},
    Journal        = {Journal of the American Society of Information Science},
    Number         = {6},
    Pages          = {391-407},
    Title          = {Indexing by Latent Semantic Analysis},
    Volume         = {41},
    Year           = {1990}
}

@INPROCEEDINGS{PLSI,
    Author         = {T. Hofmann},
    Booktitle      = {Proc. 1999 Int. Conf. on Research and Development in Information Retrieval (SIGIR'99)},
    Title          = {Probabilistic Latent Semantic Indexing},
    Year           = {1999},
    ADDRESS        = {Berkeley, CA},
    MONTH          = {Aug.},
    PAGES          = {50-57},

}

@INPROCEEDINGS{IRR_1,
    Author         = {R.K. Ando},
    Booktitle      = {Proc. 2000 Int. Conf. on Research and Development in Information Retrieval (SIGIR'00)},
    Title          = {Latent Semantic Space: Iterative Scaling Improves Precision of Inter-Document Similarity Measurement},
    Year           = {2000},
    ADDRESS        = {Athens, Greece},
    MONTH          = {July},
}

@INPROCEEDINGS{Iterative-Residual-Rescaling-An-Analysis-and-Generalization,
    Author         = {R.K. Ando and L. Lee},
    Booktitle      = {Proc. 2001 Int. Conf. on Research and Development in Information Retrieval (SIGIR'01)},
    Title          = {Iterative Residual Rescaling: An Analysis and Generalization},
    Year           = {2001},
    ADDRESS        = {New Orleans, Louisiana},
    MONTH          = {Sept.},
}

@INPROCEEDINGS{Latent-Semantic-Indexing-is-an-Optimal-Special-Case-of-Multidimensional-Scaling,
    Author         = {B. T. Bartell and G. W. Cottrell and R. K. Belew},
    Booktitle      = {Proc. 1992 Int. Conf. on Research and Development in Information Retrieval (SIGIR'92)},
    Title          = {Latent Semantic Indexing is an Optimal Special Case of Multidimensional Scaling},
    PAGES          = {161-167},
    Year           = {1992},
    ADDRESS        = {Copenhagen, Denmark},
    MONTH          = {June},

}

@INPROCEEDINGS{A-similarity-based-probability-model-for-Latent-Semantic-Indexing,
    Author         = {C. H. Ding},
    Booktitle      = {Proc. 1999 Int. Conf. on Research and Development in Information Retrieval (SIGIR'99)},
    Title          = {A similarity-based probability model for Latent Semantic Indexing},
    Year           = {1999},
    ADDRESS        = {Berkeley, CA},
    MONTH          = {Aug.},
    PAGES          = {58-65},

}

@INPROCEEDINGS{Latent-semantic-indexing-a-probabilistic-analysis,
    Author         = {C.H. Papadimitriou and P. Raghavan and H. Tamaki and S. Vempala},
    Booktitle      = {Proc. 17th ACM Symp. Principles of Database Systems},
    Title          = {Latent semantic indexing: a probabilistic analysis},
    Year           = {1998},
    ADDRESS        = {Seattle, WA},
    MONTH          = {June},
}

@INPROCEEDINGS{Polynomial-filtering-in-latent-semantic-indexing-for-information-retrieval,
    Author         = {E. Kokiopoulou and Y. Saad},
    Booktitle      = {Proc. 2004 Int. Conf. on Research and Development in Information Retrieval (SIGIR'04)},
    Title          = {Polynomial filtering in latent semantic indexing for information retrieval},
    Year           = {2004},
    ADDRESS        = {Sheffield, UK},
    MONTH          = {July},
    PAGES          = {104-111},
}

@INPROCEEDINGS{On-scaling-latent-semantic-indexing-for-large-peer-to-peer-systems,
    Author         = {Chunqiang Tang and Sandhya Dwarkadas and Zhichen Xu},
    Booktitle      = {Proc. 2004 Int. Conf. on Research and Development in Information Retrieval (SIGIR'04)},
    Title          = {On scaling latent semantic indexing for large peer-to-peer systems},
    Year           = {2004},
    ADDRESS        = {Sheffield, UK},
    MONTH          = {July},
    PAGES          = {112-121},

}

@INPROCEEDINGS{LHY+04,
    Author         = {J. Lim and J. Ho and M-H. Yang and K-C. Lee and D. Kriegman},
    Booktitle      = {Proceedings of the European Conference on Computer Vision},
    Title          = {Image Clustering with Metric, Local Linear Structure and Affinity Symmetry},
    Year           = {2004},
}

@INPROCEEDINGS{ZSV04,
    Author         = {H. Zhong and J. Shi and M. Visontai},
    Booktitle      = {IEEE Conference on Computer Vision and Pattern Recognition},
    Title          = {Detecting Unusual Activity in Video},
    Year           = {2004},
}

@INPROCEEDINGS{Manifold-of-Facial-Expression,
    Address        = {Nice, France},
    Author         = {Y. Chang and C. Hu and M. Turk},
    Booktitle      = {Proc. IEEE International Workshop on Analysis and Modeling of Faces and Gestures},
    Month          = {October},
    Title          = {Manifold of Facial Expression},
    Year           = {2003},
}

@INPROCEEDINGS{Video-Based-Face-Recognition-Using-Probabilistic-Appearance-Manifolds,
    Author         = {K.-C. Lee and J. Ho and M.-H. Yang and D. Kriegman},
    Booktitle      = {IEEE Conf. on Computer Vision and Pattern Recognition},
    Title          = {Video-Based Face Recognition Using Probabilistic Appearance Manifolds},
    address        = {Madison, WI},
    Year           = {2003},
}

@INPROCEEDINGS{A-New-Semi-Supervised-EM-Algorithm-for-Image-Retrieval,
    Author         = {Anlei Dong and Bir Bhanu},
    Booktitle      = {IEEE Conf. on Computer Vision and Pattern Recognition},
    Title          = {A New Semi-Supervised EM Algorithm for Image Retrieval},
    address        = {Madison, WI},
    Year           = {2003},
}

@INPROCEEDINGS{A-Sparse-Support-Vector-Machine-Approach-to-Region-Based-Image-Categorization,
    Author         = {Jinbo Bi and Yixin Chen and James Z. Wang},
    Booktitle      = {IEEE Conference on Computer Vision and Pattern Recognition},
    Title          = {A Sparse Support Vector Machine Approach to Region based Image Categorization},
    address        = {San Diego, CA},
    Year           = {2004},
}

@INPROCEEDINGS{Face-Recognition-Using-Eigenfaces,
    Address        = {Maui, Hawaii},
    Author         = {M. Turk and A. P. Pentland},
    Booktitle      = {IEEE Conference on Computer Vision and Pattern Recognition},
    Title          = {Face Recognition Using Eigenfaces},
    Year           = {1991}
}

@INPROCEEDINGS{An-Efficient-LDA-Algorithm-for-Face-Recognition,
    Address        = {Singapore},
    Author         = {J. Yang and Y. Yu and W. Kunz},
    Booktitle      = {The sixth International Conference on Control, Automation, Robotics and Vision},
    Title          = {An Efficient {LDA} Algorithm for Face Recognition},
    Year           = {2000}
}

@INPROCEEDINGS{LinearSubspaceforIlluminationRobustFaceRecognition,
    Author         = {A. U. Batur and M. H. Hayes},
    Booktitle      = {IEEE Conference on Computer Vision and Pattern Recognition},
    Title          = {Linear Subspace for Illumination Robust Face Recognition},
    Year           = {2001}
}

@INPROCEEDINGS{DecomposedEigenfaceForFaceRecognitionUnderVariousLightingConditions,
    Address        = {Hawaii},
    Author         = {T. Shakunaga and K. Shigenari},
    Booktitle      = {IEEE Conference on Computer Vision and Pattern Recognition},
    Month          = {December},
    Title          = {Decomposed Eigenface for Face Recognition under Various Lighting Conditions},
    Year           = {2001}
}

@ARTICLE{Low-Dimensional-Procedure-For-The-Characterization,
    Author         = {L. Sirovich and M. Kirby},
    Journal        = {Journal of the Optical Society of America},
    Pages          = {519-524},
    Title          = {Low-Dimensional Procedure for the Characterization},
    Volume         = {4},
    Year           = {1987}
}

@INPROCEEDINGS{WhereToGoWithFaceRecognition,
    Address        = {Kauai, Hawaii},
    Author         = {R. Gross and J. Shi and J. Cohn},
    Booktitle      = {Third Workshop on Empirical Evaluation Methods in Computer Vision},
    Month          = {December},
    Title          = {Where to go with Face Recognition},
    Year           = {2001}
}

@INPROCEEDINGS{OutSampleExt,
    Author         = {Y. Bengio and J.-F. Paiement and P. Vincent and O. Delalleau and N. Le Roux and M. Ouimet},
    Booktitle      = {Advances in Neural Information Processing Systems 16},
    Title          = {Out-of-Sample Extensions for LLE, Isomap, MDS, Eigenmaps, and Spectral Clustering},
    Year           = {2003}
}

@INPROCEEDINGS{FeatureSelectionClusteringProblems,
    Author         = {Volker Roth and Tilman Lange},
    Booktitle      = {Advances in Neural Information Processing Systems 16},
    Title          = {Feature Selection in Clustering Problems},
    Year           = {2003}
}

@INPROCEEDINGS{Kmeans,
    Author         = {J. Mcqueen},
    Booktitle      = {Proc. 5th Berkeley Symp. Mathematical Statistics and Probability},
    Pages          = {281-297},
    Title          = {Some methods for classification and analysis of multivariate observations},
    Year           = {1967},
    ADDRESS        = {Berkeley, CA},
}

@BOOK{JainClustering,
    Address        = {Upper Saddle River, NJ},
    Author         = {A. K. Jain and R. C. Dubes},
    Publisher      = {Prentice-Hall, Inc.},
    Title          = {Algorithms for Clustering Data},
    Year           = {1988},
}

@BOOK{MDS,
    Address        = {London},
    Author         = {T. Cox and M. Cox},
    Publisher      = {Chapman \& Hall},
    Title          = {Multidimensional Scalling},
    Year           = {1994}
}

@BOOK{PCA,
    Address        = {New York},
    Author         = {I. T. Jolliffe},
    Publisher      = {Springer-Verlag},
    Title          = {Principal Component Analysis},
    Year           = {1989}
}

@INPROCEEDINGS{DBSCAN,
    Author         = {M. Ester and H.-P. Kriegel and J. Sander and X. Xu},
    Title          = {A density-based algorithm for discovering clusters in large spatial databases with noise},
    BOOKTITLE      = {Proc. 1996 Int. Conf. Knowledge Discovery and Data Mining (KDD'96)},
    ADDRESS        = {Portland, Oregon},
    MONTH          = {Aug.},
    Year           = {1996},
    PAGES          = {226-231},
}

@ARTICLE{RatioCut,
    Author         = {P. K. Chan and D. F. Schlag and J. Y. Zien},
    Journal        = {IEEE Transactions on Computer-Aided Design},
    Pages          = {1088-1096},
    Title          = {Spectral k-way ratio-cut partitioning and clustering},
    Volume         = {13},
    Year           = {1994},
}

@INPROCEEDINGS{MinMaxCut,
    Author         = {C. Ding and X. He and H. Zha and M. Gu and H. D. Simon},
    BOOKTITLE = {Proc. 2001 Int. Conf. Data Mining (ICDM'01)},
    Pages          = {107-114},
    Title          = {A min-max cut algorithm for graph partitioning and data clustering},
    Year           = {2001},
    ADDRESS = {San Jose, CA},
    MONTH = {Nov.},
}



@ARTICLE{MinimumCut,
    Author         = {Z. Wu and R. Leahy},
    Journal        = {IEEE Transactions on Pattern Analysis and Machine Intelligence},
    Month          = {November},
    Number         = {11},
    Pages          = {1101-1113},
    Title          = {An Optimal Graph Theoretic Approach to Data Clustering: Theory and Its Application to Image Segmentation},
    Volume         = {15},
    Year           = {1993}
}

@INPROCEEDINGS{Distributional-clustering-of-words-for-text-classification,
    Author         = {L. Baker and A. McCallum},
    Booktitle      = {Proc. 1998 Int. Conf. on Research and Development in Information Retrieval (SIGIR'98)},
    Title          = {Distributional clustering of words for text classification},
    PAGES          = {96-103},
    Year           = {1998},
    ADDRESS        = {Melbourne, Australia},
    MONTH          = {Aug.},

}

@INPROCEEDINGS{Document-clustering-with-cluster-refinement-and-model-selection-capabilities,
    Author         = {Xin Liu and Yihong Gong and Wei Xu and Shenghuo Zhu},
    Booktitle      = {Proc. 2002 Int. Conf. on Research and Development in Information Retrieval (SIGIR'02)},
    Title          = {Document clustering with cluster refinement and model selection capabilities},
    Year           = {2002},
    ADDRESS        = {Tampere, Finland},
    MONTH          = {Aug.},
    PAGES          = {191-198},
}


@INPROCEEDINGS{ImageClusteringwithMetricLocalLinearStructureandAffinitySymmetry,
    Author         = {J. Lim and J. Ho and M.-H. Yang and K.-C. Lee and D. Kriegman},
    Booktitle      = {The 8th European Conference on Computer Vision},
    Title          = {Image Clustering with Metric, Local Linear Structure and Affinity Symmetry},
    Year           = {2004},
}

@INPROCEEDINGS{LDE,
    Author         = {Hwann-Tzong Chen and Huang-Wei Chang and Tyng-Luh Liu},
    Booktitle      = {Proc. 2005 Internal Conference on Computer Vision and Pattern Recognition},
    Title          = {Local Discriminant Embedding and Its Variants},
    Year           = {2005},
}

@INPROCEEDINGS{Semi-active-learning-SVM,
    Author         = {Steven C.H. Hoi and Michael R. Lyu},
    Booktitle      = {IEEE International Conference on Computer Vision and Pattern Recognition},
    Title          = {A Semi-Supervised Active Learning Framework for Image Retrieval},
    address        = {San Diego, CA},
    Year           = {2005},
}

@INPROCEEDINGS{MFA,
    Author         = {Shuicheng Yan and Dong Xu and Benyu Zhang and Hong-Jiang Zhang},
    Booktitle      = {Proc. 2005 Internal Conference on Computer Vision and Pattern Recognition},
    Title          = {Graph Embedding: A General Framework for Dimensionality Reduction},
    Year           = {2005},
}

@ARTICLE{Learning-Eigenfunctions-Links-Spectral-Embedding-and-Kernel-PCA,
    Author         = {Y. Bengio and O. Delalleau and N. Le Roux and J.-F. Paiement and P. Vincent and M. Ouimet},
    Journal        = {Neural Computation},
    Number         = {10},
    Pages          = {2197-2219},
    Title          = {Learning Eigenfunctions Links Spectral Embedding and Kernel {PCA}},
    Volume         = {16},
    Year           = {2004}
}

@ARTICLE{VisualLearningandRecognitionofObjectsFromAppearance,
    Author         = {H. Murase and S. K. Nayar},
    Journal        = {International Journal of Computer Vision},
    Title          = {Visual Learning and Recognition of 3-D Objects from Appearance},
    Volume         = {14},
    number         = {1},
    pages          = {5-24},
    Year           = {1995}
}

@ARTICLE{WrappersforFeatureSubsetSelection,
    Author         = {R. Kohavi and G. John},
    Journal        = {Artificial Intelligence},
    Number         = {1-2},
    Pages          = {273-324},
    Title          = {Wrappers for Feature Subset Selection},
    Volume         = {97},
    Year           = {1997}
}

@INCOLLECTION{InformedProj,
    Author         = {David Cohn},
    Booktitle      = {Advances in Neural Information Processing Systems 15},
    Title          = {Informed Projections},
    Year           = {2002},
    PUBLISHER      = {MIT Press},
    address        = {Cambridge, MA},
  pages     = "849--856",

}

@INCOLLECTION{LinearDependent,
    Author         = {Nathan Srebro and Tommi Jaakkola},
    Booktitle      = {Advances in Neural Information Processing Systems 16},
    Title          = {Linear Dependent Dimensionality Reduction},
    Year           = {2003},
    PUBLISHER      = {MIT Press},
    address        = {Cambridge, MA},
}

@INCOLLECTION{SpecRelax,
    Author         = {H. Zha and C. Ding and M. Gu and X. He and and H. Simon},
    Booktitle      = {Advances in Neural Information Processing Systems 14},
    Title          = {Spectral relaxation for k-means clustering},
    Year           = {2001},
    PUBLISHER      = {MIT Press},
    address        = {Cambridge, MA},
  pages     = "1057-1064",

}

@INPROCEEDINGS{AdaptiveScalingforFeatureSelectioninSVMs,
    Author         = {Y. Grandvalet and S. Canu},
    Booktitle      = {Advances in Neural Information Processing Systems 15},
    Title          = {Adaptive Scaling for Feature Selection in SVMs},
    Year           = {2002},
}

@INPROCEEDINGS{ClusteringAppearancesofObjectsUnderVaryingIlluminationConditions,
    Author         = {J. Ho and M.-H. Yang and J. Lim and K.-C. Lee and D. Kriegman},
    Booktitle      = {IEEE International Conference on Computer Vision and Pattern Recognition},
    Title          = {Clustering Appearances of Objects Under Varying Illumination Conditions},
    Year           = {2003},
}

@INPROCEEDINGS{IsometricEmbeddingandContinuumISOMAP,
    Author         = {Hongyuan Zha and Zhenyue Zhang},
    Booktitle      = {Proc. of the twentieth Internation Conference on Machine Learning},
    Title          = {Isometric embedding and continuum ISOMAP},
    Year           = {2003}
}

@INPROCEEDINGS{Semi-Supervised-Learning-using-Gaussian-Fields-and-Harmonic-Functions,
    Author         = {X. Zhu and Z. Ghahramani and J. Lafferty},
    Booktitle      = {Proc. of the twentieth Internation Conference on Machine Learning},
    Title          = {Semi-supervised Learning using Gaussian Fields and Harmonic Functions},
    Year           = {2003}
}

@INPROCEEDINGS{FeatureSubsetSelectionAndOrderIdentificationForUnsupervisedLeanring,
    Author         = {J. G. Dy and C. E. Brodley},
    Booktitle      = {Proceedings of the Seventeenth International Conference on Machine Learning},
    Title          = {Feature Subset Selection and Order Identification for Unsupervised Leanring},
    Year           = {2000}
}

@INPROCEEDINGS{JointManifoldDistanceNewApproachAppearanceClustering,
    Author         = {A. Fitzgibbon and A. Zisserman},
    Booktitle      = {IEEE International Conference on Computer Vision and Pattern Recognition},
    Title          = {Joint Manifold Distance: a New Approach to Appearance based Clustering},
    Year           = {2003}
}

@INPROCEEDINGS{NMFNCW,
    Author         = {Wei Xu and Xin Liu and Yihong Gong},
    Booktitle      = {Proc. 2003 Int. Conf. on Research and Development in Information Retrieval (SIGIR'03)},
    Title          = {Document clustering based on non-negative matrix factorization},
    Year           = {2003},
    ADDRESS        = {Toronto, Canada},
    MONTH          = {Aug.},
    PAGES          = {267-273},
}

@INPROCEEDINGS{Document-clustering-by-concept-factorization,
    Author         = {Wei Xu and Yihong Gong},
    Booktitle      = {Proc. 2004 Int. Conf. on Research and Development in Information Retrieval (SIGIR'04)},
    Title          = {Document clustering by concept factorization},
    Year           = {2004},
    ADDRESS        = {Sheffield, UK},
    MONTH          = {July},
    PAGES          = {202-209},
}

@INPROCEEDINGS{Document-clustering-via-adaptive-subspace-iteration,
    Author         = {Tao Li and Sheng Ma and Mitsunori Ogihara},
    Booktitle      = {Proc. 2004 Int. Conf. on Research and Development in Information Retrieval (SIGIR'04)},
    Title          = {Document clustering via adaptive subspace iteration},
    Year           = {2004},
    ADDRESS        = {Sheffield, UK},
    MONTH          = {July},
    PAGES          = {218-225},

}

@INPROCEEDINGS{Restrictive-clustering-and-metaclustering-for-self-organizing-document-collections,
    Author         = {Stefan Siersdorfer and Sergej Sizov},
    Booktitle      = {Proc. 2004 Int. Conf. on Research and Development in Information Retrieval (SIGIR'04)},
    Title          = {Restrictive clustering and metaclustering for self-organizing document collections},
    Year           = {2004},
    ADDRESS        = {Sheffield, UK},
    MONTH          = {July},
    PAGES          = {226-233},

}

@ARTICLE{LLE,
    Author         = {Sam Roweis and Lawrence Saul},
    Journal        = {Science},
    Number         = {5500},
    Pages          = {2323-2326},
    Title          = {Nonlinear Dimensionality Reduction by Locally Linear Embedding},
    Volume         = {290},
    Year           = {2000}
}

@ARTICLE{Isomap,
    Author         = {Tenenbaum, J. and de Silva, V. and Langford, J.},
    Journal        = {Science},
    Number         = {5500},
    Pages          = {2319-2323},
    Title          = {A global geometric framework for nonlinear dimensionality reduction},
    Volume         = {290},
    Year           = {2000}
}

@INCOLLECTION{eigenmap,
    Author         = {M. Belkin and P. Niyogi},
    Booktitle      = {Advances in Neural Information Processing Systems 14},
    Title          = {Laplacian Eigenmaps and Spectral Techniques for Embedding and Clustering},
    Year           = {2001},
    PUBLISHER      = {MIT Press},
    address        = {Cambridge, MA},
  pages     = "585-591",

}

@INPROCEEDINGS{randomprojection,
    Author         = {Sanjoy Dasgupta},
    Booktitle      = {Sixteenth Conference on Uncertainty in Artificial Intelligence},
    Title          = {Experiments with Random Projection},
    Year           = {2000}
}


@BOOK{Chung,
    Author         = {Fan R. K. Chung},
    Series         = {Regional Conference Series in Mathematics},
    Title          = {Spectral Graph Theory},
    Volume         = {92},
    Year           = {1997},
    PUBLISHER      = {AMS},

}

@BOOK{MatrixComputations,
    Author         = {G. H. Golub and C. F. Van Loan},
    Edition        = {3rd},
    Publisher      = {Johns Hopkins University Press},
    Title          = {Matrix computations},
    Year           = {1996}
}

@BOOK{SCIENTIFIC-COMPUTING,
    Author         = {Michael T. Heath},
    Edition        = {2nd},
    Publisher      = {McGraw-Hill},
    Title          = {Scientific computing: an introductory survey},
    Year           = {2002}
}


@ARTICLE{SubspaceClustering,
    Author         = {Lance Parsons and Ehtesham Haque and Huan Liu},
    Journal        = {SIGKDD Explorations, Newsletter of the ACM Special Interest Group on Knowledge Discovery and Data Mining},
    Title          = {Subspace clustering for high dimensional data: A review},
    Year           = {2004},
}

@INPROCEEDINGS{AdaptiveDim,
    Author         = {C. Ding and X. He and H. Zha and H. D. Simon},
    Booktitle      = {Proceedings of The Second IEEE International Conference on Data Mining},
    Pages          = {147-154},
    Title          = {Adaptive dimension reduction for clustering high dimensional data},
    Year           = {2002}
}

@INPROCEEDINGS{CLIQUE,
    Author         = {R. Agrawal and J. Gehrke and D. Gunopulos and P. Raghavan},
    Booktitle      = {Proceedings of the 1998 ACM SIGMOD international conference on Management of data},
    Pages          = {94-105},
    Title          = {Automatic subspace clustering of high dimensional data for data mining applications},
    Year           = {1998}
}

@INPROCEEDINGS{ENCLUS,
    Author         = {C.-H. Cheng and A. W. Fu and Y. Zhang},
    Title          = {Entropy-based subspace clustering for mining numerical data},
    Pages          = {84-93},

    BOOKTITLE      = {Proc. 1999 Int. Conf. Knowledge Discovery and Data Mining (KDD'99)},
    ADDRESS        = {San Diego, CA},
    MONTH          = {Aug.},
    Year           = {1999}
}

@INPROCEEDINGS{CLTree,
    Author         = {B. Liu and Y. Xia and P. S. Yu},
    Booktitle      = {Proceedings of the ninth international conference on Information and knowledge management},
    Pages          = {20-29},
    Title          = {Clustering through decision tree construction},
    Year           = {2000},
}



@INPROCEEDINGS{monte-carlo-algorithm-for-fast-projective-clustering,
    Author         = {C. M. Procopiuc and M. Jones and P. K. Agarwal and T. M. Murali},
    Booktitle      = {Proceedings of the 2002 ACM SIGMOD international conference on Management of data},
    Pages          = {418-427},
    Title          = {A monte carlo algorithm for fast projective clustering},
    Year           = {2002}
}

@INPROCEEDINGS{PROCLUS,
    Author         = {C. C. Aggarwal and J. L. Wolf and P. S. Yu and C. Procopiuc and J. S. Park},
    Booktitle      = {Proceedings of the 1999 ACM SIGMOD international conference on Management of data},
    Pages          = {61-72},
    Title          = {Fast algorithms for projected clustering},
    Year           = {1999}
}

@TECHREPORT{Subspace-Linear-Discriminant-Analysis-for-Face-Recognition,
    Author         = {W. Zhao and R. Chellappa and P. J. Phillips},
    Institution    = {Center for Automation Research, University of Maryland},
    Number         = {CAR-TR-914},
    Title          = {Subspace Linear Discriminant Analysis for Face Recognition},
    Year           = {1999}
}

@ARTICLE{Probabilistic-Visual-Learning-for-Object-Representation,
    Author         = {B. Moghaddam and A. Pentland},
    Journal        = {IEEE Transactions on Pattern Analysis and Machine Intelligence},
    Number         = {7},
    Pages          = {696-710},
    Title          = {Probabilistic Visual Learning for Object Representation},
    Volume         = {19},
    Year           = {1997}
}

@ARTICLE{Support-Vector-Machines-Applied-to-Face-Recognition,
    Author         = {P. J. Phillips},
    Journal        = {Advances in Neural Information Processing Systems},
    Pages          = {803-809},
    Title          = {Support Vector Machines Applied to Face Recognition},
    Volume         = {11},
    Year           = {1998}
}

@ARTICLE{Two-Dimensional-PCA,
    Author         = {J. Yang and D. Zhang and A.F. Frangi and J.Y. Yang},
    Journal        = {IEEE Transactions on Pattern Analysis and Machine Intelligence},
    Month          = {Jan.},
    Number         = {1},
    Pages          = {131-137},
    Title          = {Two-Dimensional {PCA}: A New Approach to Appearance-Based Face Representation and Recogntion},
    Volume         = {26},
    Year           = {2004}
}

@INPROCEEDINGS{GPCA,
    Author         = {Jieping Ye and Ravi Janardan and Qi Li},
    Booktitle      = {The Tenth ACM SIGKDD International Conference on Knowledge Discovery and Data Mining},
    Title          = {{GPCA}: An Efficient Dimension Reduction Scheme for Image Compression and Retrieval},
    Year           = {2004}
}


@INPROCEEDINGS{2DLDA,
    Author         = {Jieping Ye and Ravi Janardan and Qi Li},
    Booktitle      = {Advances in Neural Information Processing Systems 17},
    Title          = {Two-Dimensional Linear Discriminant Analysis},
    Year           = {2004}
}


@TECHREPORT{Coupled-Subspaces-Analysis,
  AUTHOR =       {D. Xu and S. Yan and L. Zhang and Z. Liu and H. Zhang},
  TITLE =        {Coupled Subspaces Analysis},
  INSTITUTION =  {Microsoft Research, MSR-TR-2004-106},
  YEAR =         {2004},
}


@INPROCEEDINGS{Discriminant-Analysis-with-Tensor-Representation,
    Author         = {Shuicheng Yan and Dong Xu and Qiang Yang and Lei Zhang and Xiaoou Tang and Hong-Jiang Zhang},
    Title          = {Discriminant Analysis with Tensor Representation},
    booktitle = {Proc. IEEE Conf. Computer Vision and Pattern Recognition Machine Learning (CVPR'05)},
    year      = {2005},
    pages     = {526-532},
}

@INPROCEEDINGS{Coupled-Kernel-based-Subspace-learning,
    Author         = {Shuicheng Yan and Dong Xu and Lei Zhang and Benyu Zhang and Hong-Jiang Zhang},
    Booktitle      = {IEEE Conference on Computer Vision and Pattern Recognition},
    Title          = {Coupled Kernel-based Subspace learning},
    Year           = {2005}
}

@INPROCEEDINGS{Concurrent-Subspace-Analysis,
    Author         = {Dong Xu and Shuicheng Yan and Lei Zhang and Hong-Jiang Zhang and Zhengkai Liu and Heung-Yeung Shum},
    Booktitle      = {IEEE Conference on Computer Vision and Pattern Recognition},
    Title          = {Concurrent Subspace Analysis},
    Year           = {2005}
}


@INPROCEEDINGS{Tensorface,
    Author         = {M. A. O. Vasilescu and D. Terzopoulos},
    Booktitle      = {IEEE Conference on Computer Vision and Pattern Recognition},
    Title          = {Multilinear Subspace Analysis for Image Ensembles},
    Year           = {2003}
}

@INPROCEEDINGS{SemiDefinite-Programming,
    Author         = {K. Q. Weinberger and L. K. Saul},
    Booktitle      = {IEEE Conference on Computer Vision and Pattern Recognition},
    Title          = {Unsupervised Learning of Image Manifolds by SemiDefinite Programming},
    Year           = {2004}
}


@INPROCEEDINGS{Probabilistic-Appearance-Manifolds,
    Author         = {K.-C. Lee and J. Ho and M.-H. Yang and and D. Kriegman},
    Booktitle      = {IEEE Conference on Computer Vision and Pattern Recognition},
    Title          = {Video-Based Face Recognition Using Probabilistic Appearance Manifolds},
    Year           = {2003}
}


@INPROCEEDINGS{Ng,
    Address        = {Vancouver, British Columbia, Canada},
    Author         = {Andrew Y. Ng and Michael Jordan and Yair Weiss},
    Booktitle      = {Advances in Neural Information Processing Systems 14},
    Title          = {On Spectral Clustering: Analysis and an Algorithm},
    Year           = {2001}
}

@BOOK{LeastSquare,
    Author         = {Ake Bjorck},
    Publisher      = {SIAM},
    Title          = {Numerical Methods for Least Squares Problems},
    Year           = {1996}
}

@INPROCEEDINGS{KSM96,
    Author         = {Kautz, H. and Selman, B. and Milewski, A.},
    Booktitle      = {Proceedings of AAAI-96},
    Pages          = {3--9},
    Title          = {Agent Amplified Communication},
    Year           = {1996}
}

@ARTICLE{ReferralWeb,
    Author         = {Henry Kautz and Bart Selman and Mehul Shah},
    Journal        = {Communications of the ACM},
    Number         = {3},
    Pages          = {63--65},
    Title          = {Referral Web: Combining Social Networks and Collaborative Filtering},
    Volume         = {40},
    Year           = {1997}
}

@TECHREPORT{LE02,
    Author         = {Lada A. Adamic and Eytan Adar},
    Institution    = {Xerox Parc},
    Title          = {Friends and Neighbors on the Web},
    Year           = {2002}
}

@INPROCEEDINGS{agrawal03mining,
    Author         = {R. Agrawal and S. Rajagopalan and R. Srikant and Y. Xu},
    Booktitle      = {Proceedings of 12th International World
                      Wide Web Conference},
    Title          = {Mining newsgroups using networks arising from social behavior},
    Year           = {2003}
}

@INPROCEEDINGS{TemporalDim,
    Author         = {Philip S. Yu and Xin Li and Bing Liu},
    Booktitle      = {Proceedings of 13th International World
                      Wide Web Conference (poster)},
    Title          = {On the Temporal Dimension of Search},
    Year           = {2004}
}

@ARTICLE{MilgramSmallWorld,
    Author         = {S. Milgram},
    Journal        = {Psychology Today},
    Pages          = {60--67},
    Title          = {The small world problem},
    Volume         = {2},
    Year           = {1967}
}

@INPROCEEDINGS{NetworkValue,
    Author         = {Pedro Domingos and Matt Richardson},
    Booktitle      = {Proceedings of the seventh ACM SIGKDD international conference on Knowledge discovery and data mining},
    Pages          = {57--66},
    Publisher      = {ACM Press},
    Title          = {Mining the network value of customers},
    Year           = {2001},
    Location       = {San Francisco, CA}
}

@BOOK{SNA,
    Address        = {Cambridge, UK},
    Author         = {S. Wasserman and K. Faust},
    Publisher      = {Cambridge University Press},
    Title          = {Social Network Analysis: Methods and Applications},
    Year           = {1994}
}

@ARTICLE{SW93,
    Author         = {Michael F. Schwartz and David C. M. Wood},
    Journal        = {Communications of the ACM},
    Number         = {8},
    Pages          = {78--89},
    Publisher      = {ACM Press},
    Title          = {Discovering shared interests using graph analysis},
    Volume         = {36},
    Year           = {1993}
}

@ARTICLE{GraphMining,
    Author         = {Diane J. Cook and Lawrence B. Holder},
    Journal        = {IEEE Intelligent Systems},
    Number         = {2},
    Pages          = {32--41},
    Title          = {Graph-Based Data Mining},
    Volume         = {15},
    Year           = {2000}
}

@ARTICLE{GraphMiningStateArt,
    Author         = {Takashi Washio and Hiroshi Motoda},
    Journal        = {SIGKDD Explor. Newsl.},
    Number         = {1},
    Pages          = {59--68},
    Publisher      = {ACM Press},
    Title          = {State of the art of graph-based data mining},
    Volume         = {5},
    Year           = {2003}
}

@ARTICLE{FLGC02,
    Author         = {Gary William Flake and Steve Lawrence and C. Lee Giles and Frans Coetzee},
    Journal        = {IEEE Computer},
    Number         = {3},
    Pages          = {66--71},
    Title          = {Self-Organization of the Web and Identification of Communities},
    Volume         = {35},
    Year           = {2002}
}

@INPROCEEDINGS{TK02,
    Author         = {M. Toyoda and M. Kitsuregawa},
    Booktitle      = {Proceedings of the 11th International World Wide Web Conference (WWW2002)},
    Title          = {Observing evolution of Web communities},
    Year           = {2002}
}

@INPROCEEDINGS{FLG00,
    Author         = {Gary William Flake and Steve Lawrence and C. Lee Giles},
    Booktitle      = {Proceedings of the 6th International Conference on Knowledge Discovery and Data Mining (ACM SIGKDD-2000)},
    Title          = {Efficient Identification of Web Communities},
    Year           = {2000}
}

@INPROCEEDINGS{GKR98,
    Author         = {David Gibson and Jon Kleinberg and Prabhakar Raghavan},
    Booktitle      = {Proceedings of the 9th ACM Conference on Hypertext and Hypermedia},
    Title          = {Inferring Web Communities from Link Topology},
    Year           = {1998}
}

@ARTICLE{HACSurvey,
    Author         = {Jon M. Kleinberg},
    Journal        = {ACM Computing Surveys},
    Number         = {4},
    Title          = {Hubs, Authorities, and Communities},
    Volume         = {31},
    Year           = {1999}
}

@INPROCEEDINGS{CC99,
    Author         = {Chaomei Chen and Les Carr},
    Booktitle      = {Proceedings of the 10th ACM Conference on Hypertext and hypermedia},
    Title          = {Trailblazing the Literature of Hypertext: Author Co-Citation Analysis (1989-1998)},
    Year           = {1999}
}

@INPROCEEDINGS{ProbHITS,
    Author         = {David Cohn and Huan Chang},
    Booktitle      = {Proceedings of the 17th International Conference on Machine Learning},
    Title          = {Learning to Probabilistically Identify Authoritative Documents},
    Year           = {2000}
}

@INPROCEEDINGS{KRST99,
    Author         = {Ravi Kumar and Prabhakar Raghavan and Sridhar Rajagopalan and Andrew Tomkins},
    Booktitle      = {Proceedings of The 8th International World Wide Web Conference},
    Title          = {Trawling the web for emerging cyber communities},
    Year           = {1999}
}

@INPROCEEDINGS{PFL500,
    Author         = {Alexandrin Popescul and Gary William Flake and Steve Lawrence and Lyle H. Ungar and C. Lee Giles},
    Booktitle      = {IEEE Advances in Digital Libraries},
    Title          = {Clustering and Identifying Temporal Trends in Document Databases},
    Year           = {2000}
}

@TECHREPORT{Concentric,
    Author         = {Wen-Jun Zhou and Ji-Rong Wen and Wei-Ying Ma and Hong-Jiang Zhang},
    Institution    = {Microsoft Research},
    Title          = {A Concentric-Circle Model for Community Mining},
    Year           = {2002}
}

@INPROCEEDINGS{FocusedCrawling,
    Author         = {Soumen Chakrabarti and Martin van den Berg and Byron Dom},
    Booktitle      = {Proceedings of The 8th International World Wide Web Conference},
    Title          = {Focused crawling: a new approach to topic-specific Web resource discovery},
    Year           = {1999}
}

@INPROCEEDINGS{DOMTopic,
    Author         = {S. Chakrabarti},
    Booktitle      = {Proceedings of the 10th International World Wide Web Conference},
    Title          = {Integrating the Document Object Model with hyperlinks for enhanced topic distillation and information extraction},
    Year           = {2001}
}

@INPROCEEDINGS{TopicPageRank,
    Author         = {T.H. Haveliwala},
    Booktitle      = {Proceedings of the 11th International World Wide Web Conference},
    Title          = {Topic-sensitive pagerank},
    Year           = {May 2002}
}

@INPROCEEDINGS{Ng02,
    Author         = {A. Y. Ng and M. I. Jordan and Y. Weiss},
    Booktitle      = {Advances in Neural Information Processing Systems 14},
    Title          = {On spectral clustering: Analysis and an algorithm},
    Year           = {2002}
}

@BOOK{ElementsSta,
    Author         = {T. Hastie and R. Tibshirani and J. H. Friedman},
    Publisher      = {Springer-Verlag },
    Title          = {The Elements of Statistical Learning},
    Year           = {2001}
}
@book{statistical-leraning,
    author = "Trevor Hastie and Robert Tibshirani and Jerome Friedman",
    title = "The Elements of Statistical Learning: Data Mining, Inference, and Prediction",
    publisher = "New York: Springer-Verlag",
    year = "2001",
}


@ARTICLE{MaximalFlow,
    Author         = {L. R. Ford Jr. and D. R. Fulkerson},
    Journal        = {Canadian J. Math},
    Pages          = {399-404},
    Title          = {Maximal flow through a network},
    Volume         = {8},
    Year           = {1956}
}

@BOOK{MITAlgorithms,
    Author         = {Thomas H. Cormen and Charles E. Leiserson and Ronald L. Rivest and Clifford Stein},
    Edition        = {2nd},
    Publisher      = {MIT Press},
    Title          = {Introduction to algorithms},
    Year           = {2001}
}

@BOOK{Introduction-to-Parallel-Computing,
    Author         = {Ananth Grama and George Karypis and Vipin Kumar and Anshul Gupta},
    Edition        = {2nd},
    Publisher      = {Addison Wesley},
    Title          = {An Introduction to Parallel Computing: Design and Analysis of Algorithms},
    Year           = {2003}
}

@BOOK{Multivariate-Analysis,
    Author         = {K. V. Mardia and J. T. Kent and J. M. Bibby },
    Publisher      = {Academic Press},
    Title          = {Multivariate Analysis},
    Year           = {1980}
}


@BOOK{NetworkFlows,
    Address        = {Englewood Cliffs, NJ},
    Author         = {Ravindra K. Ahuja and Thomas L. Magnanti and James B. Orlin},
    Publisher      = {Prentice Hall},
    Title          = {Network Flows : Theory, Algorithms, and Applications},
    Year           = {1993}
}

@ARTICLE{EK72,
    Author         = {J. Edmonds and R. M. Karp},
    Journal        = {JACM},
    Pages          = {248-264},
    Title          = {Theoretical improvements in the algorithmic efficiency for network flow problems},
    Volume         = {19},
    Year           = {1972}
}

@BOOK{Linear-Programming-Network-Flows,
    Author         = {Mokhtar Bazaraa and John Jarvis and Hanif Sherali},
    Edition        = {3rd edition},
    Publisher      = {Wiley},
    Title          = {Linear Programming and Network Flows},
    Year           = {2004}
}

@INPROCEEDINGS{CrossMine,
    Author         = {Xiaoxin Yin and Jiawei Han and Jiong Yang and Philip S. Yu},
    Booktitle      = {Proc. 2004 Int. Conf. on Data Engineering (ICDE'04)},
    Title          = {CrossMine: Efficient Classification across Multiple Database Relations},
    Year           = {2004}
}

@INPROCEEDINGS{Framework-for-fast-decision-tree-construction-of-large-datasets,
    Author         = {J. Gehrke and R. Ramakrishnan and V. Ganti. Rainforest},
    Booktitle      = {Proc. 1998 Int. Conf. Very Large Data Bases (VLDB'98)},
    Title          = {A framework for fast decision tree construction of large datasets},
    Year           = {1998}
}

@INPROCEEDINGS{Learning-probabilistic-models-of-relational-structure,
    Author         = {L. Getoor and N. Friedman and D. Koller and B. Taskar},
    Booktitle      = {Proc. 2001 Int. Conf. Machine Learning (ICML'01)},
    Title          = {Learning probabilistic models of relational structure},
    Year           = {2001}
}

@INPROCEEDINGS{Multi-Relational-Record-Linkage,
    Author         = {Parag and Pedro Domingos},
    Booktitle      = {Proc. the KDD-2004 Workshop on Multi-Relational Data Mining},
    Title          = {Multi-Relational Record Linkage},
    Year           = {2004}
}

@INPROCEEDINGS{gSpan,
    AUTHOR = {X. Yan and J. Han},
    TITLE = {{gSpan}: Graph-Based Substructure Pattern Mining},
    BOOKTITLE = {Proc. 2002 Int. Conf. on Data Mining (ICDM'02)},
    PAGES = {721-724},
    ADDRESS = {Maebashi, Japan},
    MONTH = {Dec.},
    YEAR = {2002}
}


@TECHREPORT{Semi-supervised-learning-on-Riemannian-manifolds,
  AUTHOR =       {M. Belkin and P. Niyogi},
  TITLE =        {Semi-supervised learning on Riemannian manifolds},
  INSTITUTION =  {TR-2001-30, Univ. of Chicago, Computer Science Dept.},
  YEAR =         {2001},
}


@ARTICLE{NullspaceLDA,
  AUTHOR =       {L. Chen and H. Liao and M. Ko and J. Lin and G. Yu},
  TITLE =        {A new {LDA}-Based face recognition system which can solve the small sample size problem},
  JOURNAL =      {Pattern Recognition},
  YEAR =         {2000},
  volume =       {33},
  number =       {10},
  pages =        {1713-1726},
}

@ARTICLE{DirectLDA,
  AUTHOR =       {H. Yu and J. Yang},
  TITLE =        {A direct {LDA} algorithm for high dimensional data-with application to face recognition},
  JOURNAL =      {Pattern Recognition},
  YEAR =         {2001},
  volume =       {34},
  number =       {10},
  pages =        {2067-2070},
}


@INPROCEEDINGS{SmallSampleLDA,
  AUTHOR =       {Rui Huang and Qingshan Liu and Hanqing Lu and Songde Ma},
  TITLE =        {Solving the Small Sample Size Problem of LDA},
  BOOKTITLE =    {16th International Conference on Pattern Recognition (ICPR'02)},
  YEAR =         {2002},
}



@INPROCEEDINGS{FastKNN,
  AUTHOR =       {Bin Zhang and Sargur N. Srihari},
  TITLE =        {A Fast Algorithm for Finding k-Nearest Neighbors with Non-metric Dissimilarity},
  BOOKTITLE =    {Proc. 8th Int. Workshop on Frontiers in Handwriting Recognition (IWFHR-8)},
  YEAR =         {2002},
}


@ARTICLE{algorithm-for-computing-k-nearest-neighbors,
  AUTHOR =       {K. Funkunaga and P. Navendra},
  TITLE =        {A branch and bound algorithm for computing k-nearest neighbors},
  JOURNAL =      {IEEE Transactions on Computers},
  YEAR =         {1975},
  volume =       {24},
  number =       {7},
  pages =        {750-753},
}


@TECHREPORT{RelationExtraction,
  AUTHOR =       {Deng Cai and Zheng Shao and Xiaofei He and Xifeng Yan and Jiawei Han},
  TITLE =        {Mining Hidden Community in Heterogeneous Social Networks},
  INSTITUTION =  {Computer Science Department, UIUC, UIUCDCS-R-2005-2538},
  YEAR =         {2005},
  month =        {March},
}

@TECHREPORT{TensorPCA,
  AUTHOR =       {Deng Cai and Xiaofei He and Jiawei Han},
  TITLE =        {Subspace Learning Based on Tensor Analysis},
  INSTITUTION =  {Computer Science Department, UIUC, UIUCDCS-R-2005-2572},
  YEAR =         {2005},
  month =        {May},
}

@ARTICLE{KernelPCA,
    Author         = {Bernhard Sch\"{o}lkopf and Alexander Smola and Klaus-Robert M\"{u}ller},
    Journal        = {Neural Computation},
    Number         = {10},
    Pages          = {1299-1319},
    Title          = {Nonlinear Component Analysis as a Kernel Eigenvalue Problem},
    Year           = {1998}
}

@ARTICLE{KernelLDA,
    Author         = {G. Baudat and F. Anouar},
    Journal        = {Neural Computation},
    Number         = {12},
    Pages          = {2385-2404},
    Title          = {Generalized Discriminant Analysis Using a Kernel Approach},
    Year           = {2000}
}

@Article{YaleB,
  author =  "Georghiades, A.S. and Belhumeur, P.N. and Kriegman, D.J.",
  title =   "From Few to Many: Illumination Cone Models for Face Recognition under Variable Lighting and Pose",
  journal = "IEEE Transactions on Pattern Analysis and Machine Intelligence",
  year =  2001,
  volume = 23,
  number = 6,
  pages= "643-660"
}

@Article{YaleB_ExtendedCrop,
  author =  "K.C. Lee and J. Ho and D. Kriegman",
  title =   "Acquiring Linear Subspaces for Face Recognition under Variable Lighting ",
  journal = "IEEE Transactions Pattern Analysis and Machine Intelligence",
  year =  2005,
  volume = 27,
  number = 5,
  pages= "684-698"
}

@ARTICLE{VSMforIR,
  AUTHOR =       {Gerard Salton and A. Wong and C. S. Yang},
  TITLE =        {A vector space model for information retrieval},
  JOURNAL =      {Communications of the {ACM}},
  YEAR =         {1975},
  volume =       {18},
  number =       {11},
  pages =        {613-620},
}


@INPROCEEDINGS{Tensor-Subspace-Analysis,
    Author         = {Xiaofei He and Deng Cai and Partha Niyogi},
    Booktitle      = {Advances in Neural Information Processing Systems 18},
    Title          = {Tensor Subspace Analysis},
    Year           = {2005}
}

@INPROCEEDINGS{Hyperparameter-and-Kernel-Learning-for-Graph-based-Semi-Supervised-Classification,
    Author         = {Ashish Kapoor and Yuan Qi and Hyungil Ahn and Rosalind Picard},
    Booktitle      = {Advances in Neural Information Processing Systems 18},
    Title          = {Hyperparameter and Kernel Learning for Graph based Semi-Supervised Classification},
    address        = {Vancouver, Canada},
    Year           = {2005},
}

@INPROCEEDINGS{Semi-Supervised-Learning-via-Gaussian-Process,
    Author         = {Neil D. Lawrence and Michael I. Jordan},
    Booktitle      = {Advances in Neural Information Processing Systems 17},
    Title          = {Semi-supervised Learning via Gaussian Process},
    address        = {Vancouver, Canada},
    Year           = {2004}
}

@INPROCEEDINGS{On-Information-Regularization,
    Author         = {A. Corduneanu and T. Jaakkola},
    Booktitle      = {Proc. Uncertainty in Artificial Intelligence (UAI)},
    Title          = {On Information Regularization},
    address        = {Acapulco, Mexico},
    Year           = {2003}
}

@INPROCEEDINGS{Analysis-of-Spectral-Kernel-Design-based-Semi-Supervised-Learning,
    Author         = {Tong Zhang and Rie Ando},
    Booktitle      = {Advances in Neural Information Processing Systems 18},
    Title          = {Analysis of Spectral Kernel Design based Semi-Supervised Learning},
    Year           = {2005}
}

@book{Introduction-to-Smooth-Manifolds,
    author = "John M. Lee",
    title = "Introduction to Smooth Manifolds",
    publisher = "Springer-Verlag New York",
    year = "2002",
}



@BOOK{The-Nature-of-Statistical-Learning-Theory,
  AUTHOR =       {V. N. Vapnik},
  TITLE =        {The Nature of Statistical Learning Theory},
  PUBLISHER =    {Springer-Verlag},
  YEAR =         {1995},
}

@BOOK{Estimation-of-dependences-based-on-empirical-data,
  AUTHOR =       {V. N. Vapnik},
  TITLE =        {Estimation of dependences based on empirical data},
  PUBLISHER =    {Springer-Verlag},
  YEAR =         {1982},
}

@BOOK{Statistical-learning-theory,
  AUTHOR =       {V. N. Vapnik},
  TITLE =        {Statistical learning theory},
  PUBLISHER =    {John Wiley $\&$ Sons},
  YEAR =         {1998},
}


@inproceedings{Training-support-vector-machines-an-application-to-face-detection,
  author    = {E. Osuna and R. Freund and F. Girosi},
  title     = {Training support vector machines: an application to face detection},
  booktitle = {Proc. IEEE Conf. Computer Vision and Pattern Recognition Machine Learning (CVPR'97)},
  year      = {1997},
  pages     = {130-136},
}

@INPROCEEDINGS{Efficient-face-detection-by-a-cascaded-support-vector-machine-expansion,
  AUTHOR =       {S. Romdhani and P. Torr and  B. Sch\"{o}lkopf and A. Blake},
  TITLE =        {Efficient face detection by a cascaded support vector machine expansion},
  BOOKTITLE =    {Proceedings of The Royal Society A},
  YEAR =         {2004},
  series =       {460},
  number =       {2501},
  pages =        {3283-3297},
}




@INPROCEEDINGS{Parallel-Support-Vector-Machines,
    Author         = {Hans Peter Graf and Eric Cosatto and L\'{e}on Bottou and Igor Dourdanovic and Vladimir Vapnik},
    Booktitle      = {Advances in Neural Information Processing Systems 17},
    Title          = {Parallel Support Vector Machines: The Cascade {SVM}},
    Year           = {2004}
}

@ARTICLE{Support-vector-machines-for-face-authentication,
  AUTHOR =       {K. Jonsson and J. Kittler and Y. P. Li and J. Matas},
  TITLE =        {Support vector machines for face authentication},
  JOURNAL =      {Image and Vision Computing},
  YEAR =         {2002},
  volume =       {20},
  number =       {5-6},
  pages =        {369-375},
}

@INPROCEEDINGS{Learning-to-Parse-Pictures-of-People,
    Author         = {R. Ronfard and C. Schmid and B. Triggs},
    Booktitle      = {ECCV'02},
    Title          = {Learning to Parse Pictures of People},
    Year           = {2002}
}


@inproceedings{Sex-with-Support-Vector-Machines,
    author = "Baback Moghaddam and Ming-Hsuan Yang",
    title = "Sex with Support Vector Machines",
    booktitle = "{Advances in Neural Information Processing Systems 13}",
    pages = "960-966",
    year = "2000",
}


@inproceedings{Face-Pose-Discrimination-Using-Support-Vector-Machines,
 author = {Jeffrey Huang and Xuhui Shao and Harry Wechsler},
 title = {Face Pose Discrimination Using Support Vector Machines},
 booktitle = {Proc. 14th Int. Conf. on Pattern Recognition (ICPR'98)},
 year = {1998},
 }


@inproceedings{Using-Sparseness-and-Analytic-QP-to-Speed-Training-of-Support-Vector-Machines,
    author = "John C. Platt",
    title = "Using Sparseness and Analytic {QP} to Speed Training of Support Vector Machines",
    booktitle = "{Advances in Neural Information Processing Systems 11}",
    year = "1998",
}

@inbook{Fast-training-of-support-vector-machines-using-sequential-minimal-optimization,
 author = {John C. Platt},
 title = {Fast training of support vector machines using sequential minimal optimization},
 journal = {Advances in kernel methods: support vector learning},
 year = {1999},
 pages = {185--208},
 publisher = {MIT Press},
 address = {Cambridge, MA, USA},
 }


@article{Tutorial-on-Support-Vector-Machines-for-Pattern-Recognition,
    author = "Christopher J. C. Burges",
    title = "A Tutorial on Support Vector Machines for Pattern Recognition",
    journal = "Data Mining and Knowledge Discovery",
    volume = "2",
    number = "2",
    pages = "121-167",
    year = "1998",
}


@BOOK{Practical-methods-of-optimization,
  AUTHOR =       {R. Fletcher},
  TITLE =        {Practical methods of optimization},
  PUBLISHER =    {John Wiley and Sons},
  edition =      {2nd edition},
  YEAR =         {1987},
}


@INPROCEEDINGS{Discovering-Word-Senses-from-Text,
    Author         = {Patrick Pantel and Dekang Lin},
    Title          = {Discovering Word Senses from Text},
    BOOKTITLE      = {Proc. 2002 Int. Conf. Knowledge Discovery and Data Mining (KDD'02)},
    Year           = {2002}
}

@INPROCEEDINGS{Automatic-retrieval-and-clustering-of-similar-words,
    Author         = {Dekang Lin},
    Title          = {Automatic retrieval and clustering of similar words},
    BOOKTITLE      = {Proc. 1998 COLING/ACL},
    Year           = {1998}
}


@ARTICLE{DIRT,
  AUTHOR =       {Dekang Lin and Patrick Pantel},
  TITLE =        {Discovery of Inference Rules for Question Answering},
  JOURNAL =      {Natural Language Engineering},
  YEAR =         {2001},
  volume =       {7},
  number =       {4},
  pages =        {343-360},
}

@INPROCEEDINGS{LexicalParaphrases,
  AUTHOR =       {Glickman, Oren and Ido Dagan},
  TITLE =        {Acquiring lexical paraphrases from a single corpus},
  BOOKTITLE =    {Recent Advances in Natural Language Processing III},
  YEAR =         {2004},
}

@INPROCEEDINGS{Text-Categorization-with-SVMs,
  AUTHOR =       {Thorsten Joachims},
  TITLE =        {Text Categorization with Support Vector Machines: Learning with Many Relevant Features},
  BOOKTITLE =    {ECML'98},
  YEAR =         {1998},
}

@INPROCEEDINGS{re-examination-of-text-categoriztion-methods,
  AUTHOR =       {Yiming Yang and Xin Liu},
  TITLE =        {A re-examination of text categoriztion methods},
  BOOKTITLE =    {SIGIR'99},
  YEAR =         {1999},
}

@ARTICLE{An-evaluation-of-statistical-approaches-to-text-categorization,
  AUTHOR =       {Yiming Yang},
  TITLE =        {An evaluation of statistical approaches to text categorization},
  JOURNAL =      {Jounal of Information Retrieval},
  YEAR =         {1999},
  volume =       {1},
  number =       {1/2},
  pages =        {67-88},
}


@ARTICLE{ECOC,
  AUTHOR =       {Thomas G. Dietterich and Ghulum Bakiri},
  TITLE =        {Solving Multiclass Learning Problems via Error-Correcting Output Codes},
  JOURNAL =      {Jounal of Artificial Intelligence Research},
  YEAR =         {1995},
  number =       {2},
  pages =        {263-286},
}

@INPROCEEDINGS{Fast-Methods-for-Kernel-based-Text-Analysis,
  AUTHOR =       {Taku Kudo and Yuji Matsumoto},
  TITLE =        {Fast Methods for Kernel-based Text Analysis},
  BOOKTITLE =    {Proc. 41st Annual Meeting of the Association for Computational Linguistics},
  YEAR =         {2003},
}



@inproceedings{Discriminative-Reranking-for-Natural-Language-Parsing,
    author = "Michael Collins",
    title = "Discriminative Reranking for Natural Language Parsing",
    booktitle = "Proc. 17th International Conf. on Machine Learning",
    pages = "175--182",
    year = "2000",
}

@inproceedings{collins02discriminative,
  author = "M. Collins",
  title = "Discriminative training methods for hidden markov models: Theory and experiments with perceptron algorithms",
  booktitle = "EMNLP'02",
  year = "2002",
}



@inproceedings{A-Comparison-of-event-models-for-naive-bayes-text-classification,
  author = "A. McCallum and K. Nigam",
  title = "A comparison of event models for Naive Bayes text classification",
  booktitle = "AAAI-98 Workshop on Learning for Text Categorization",
  year = "1998",
}

@INPROCEEDINGS{A-Scalability-Analysis-of-Classification-in-Text-Categorization,
    Author         = {Yiming Yang and Jian Zhang and Bryan Kisiel},
    Booktitle      = {Proc. 2003 Int. Conf. on Research and Development in Information Retrieval (SIGIR'03)},
    Title          = {A scalability analysis of classifiers in text categorization},
    Year           = {2003},
    ADDRESS        = {Toronto, Canada},
    MONTH          = {Aug.},
    PAGES          = {267-273},
}



@BOOK{Modern-Information-Retrieval,
  AUTHOR =       {Ricardo A. Baeza-Yates and Berthier Ribeiro-Neto},
  TITLE =        {Modern Information Retrieval},
  PUBLISHER =    {Addison-Wesley Longman Publishing Co., Inc.},
  YEAR =         {1999},
}


@Manual{LibSVM,
  author =   {Chih-Chung Chang and Chih-Jen Lin},
  title =    {{LIBSVM}: a library for support vector machines},
  year =     {2001},
  note =     {Software available at \url{http://www.csie.ntu.edu.tw/~cjlin/libsvm}}
}


@article{Study-and-Analysis-of-User-Queries-on-the-Web,
 author = {B. Jansen and A. Spink and T. Saracevic},
 title = {Real life, Real Users, and Real Needs: A Study and Analysis of User Queries on the Web},
 journal = {Information Processing \& Management},
 volume = {36},
 year = {2000},
 pages = {207--227},
}


@inproceedings{Query-type-classification-for-web-document-retrieval,
 author = {In-Ho Kang and GilChang Kim},
 title = {Query type classification for web document retrieval},
 booktitle = {SIGIR '03: Proceedings of the 26th annual international ACM SIGIR conference on Research and development in informaion retrieval},
 year = {2003},
 pages = {64-71},
 location = {Toronto, Canada},
}


@inproceedings{Improving-Automatic-Query-Classification-via-Semi-supervised-Learning,
 author = {S. Beitzel and E. Jensen and D. Lewis and A. Chowdhury and A. Kolcz and O. Frieder},
 title = {Improving Automatic Query Classification via Semi-supervised Learning},
 booktitle = {The Fifth IEEE International Conference on Data Mining},
 year = {2005},
}

@article{A-taxonomy-of-web-search,
 author = {A. Broder},
 title = {A taxonomy of web search},
 journal = {{SIGIR} Forum},
 volume = {36},
 number = {2},
 year = {2002},
}

@TECHREPORT{KDDCup05,
  AUTHOR =       {{HKUST Team}},
  TITLE =        {An Ensemble Search Based Method for Query Classification},
  INSTITUTION =  {HKUST},
  YEAR =         {2005},
}

@INPROCEEDINGS{Non-Negative-Tensor-Factorization,
    Author         = {Amnon Shashua and Tamir Hazan},
    Booktitle      = {Proc. 2005 Int. Conf. Machine Learning (ICML'05)},
    Title          = {Non-Negative Tensor Factorization with Applications to Statistics and Computer Vision},
    Year           = {2005}
}

@INPROCEEDINGS{Beyond-the-Point-Cloud,
    Author         = {V. Sindhwani and P. Niyogi and M. Belkin},
    Booktitle      = {Proc. 2005 International Conference Machine Learning (ICML'05)},
    Title          = {Beyond the Point Cloud: from Transductive to Semi-supervised Learning},
    Year           = {2005}
}

@INPROCEEDINGS{semi-supervised-discriminant-analysis,
    Author         = {Deng Cai and Xiaofei He and Jiawei Han},
    Booktitle      = {Proc. IEEE International Conference on Computer Vision},
    Title          = {Semi-Supervised Discriminant Analysis},
    address        = {Rio de Janeriro, Brazil},
    Year           = {2007}
}

@article{Multidimensional-access-methods,
    author = {Volker Gaede and Oliver G\"{u}nther},
    title = {Multidimensional access methods},
    journal = {ACM Comput. Surv.},
    volume = {30},
    number = {2},
    year = {1998},
    pages = {170--231},
 }

 @inproceedings{Streaming-pattern-discovery-in-multiple-time-series,
    author = {Spiros Papadimitriou and Jimeng Sun and Christos Faloutsos},
    title = {Streaming pattern discovery in multiple time-series},
    booktitle = {VLDB '05: Proceedings of the 31st international conference on Very large data bases},
    year = {2005},
    pages = {697--708},
address = {Trondheim, Norway},
 }

@ARTICLE{VisualizationCBIR,
    AUTHOR = "B. Moghaddam and Q. Tian and N. Lesh and C. Shen, T. S. Huang",
    TITLE = "Visualization and User-Modeling for Browsing Personal Photo Libraries",
    JOURNAL = "International Journal of Computer Vision",
    VOLUME = {56},
    YEAR = {2004},
}


@ARTICLE{Netra,
    AUTHOR = "Wei-Ying Ma and B. S. Manjunath",
    TITLE = "Netra: a Toolbox for Navigating Large Image Databases",
    JOURNAL = "Multimedia Systems",
    volume = {7},
    NUMBER = {3},
    month = {May},
    YEAR = {1999},
    source = {Springer-Verlag}
}

@article{CBSA-Content-Based-Soft-Annotation,
     author = {E. Y. Chang and K. Goh and G. Sychay and G. Wu},
     title = {{CBSA}: Content-Based Soft Annotation for Multimodal Image Retrieval using Bayes Point Machines},
     JOURNAL = {IEEE Transactions on Circuits and Systems for Video Technology},
     volume = {13},
     number = {1},
     PAGES = {26-38},
     month = {January},
     year = {2003},
}

@inproceedings{Color-texture-moments-for-CBIR,
    author = {Hui Yu and Mingjing Li and Hong-Jiang Zhang and Jufu Feng},
    title = {Color texture moments for content-based image retrieval},
    booktitle = {International Conference on Image Processing},
    year = {2002},
    pages = {24--28},
 }


@inproceedings{Support-Vector-Machine-Active-Image-Retrieval,
 author = {Simon Tong and Edward Chang},
 title = {Support vector machine active learning for image retrieval},
 booktitle = {Proceedings of the ninth ACM international conference on Multimedia},
 year = {2001},
 pages = {107--118},
 location = {Ottawa, Canada},
 }

@inproceedings{Spectral-Regression-image-retrieval,
 author = {Deng Cai and Xiaofei He and Jiawei Han},
 title = {Spectral Regression: A Unified Subspace Learning Framework for Content-Based Image Retrieval},
 booktitle = {Proceedings of the 15th ACM International Conference on Multimedia},
 year = {2007},
 location = {Augsburg, Germany},
 }

@inproceedings{Extractioin-of-Feature-Subsapce-for-Content-Based-Retrieval-Using-Relevance-Feedback,
 author = {Zhong Su and Stan Li and Hong-Jiang Zhang},
 title = {Extraction of Feature Subspace for Content-Based Retrieval Using Relevance Feedback},
 booktitle = {Proceedings of the ninth ACM international conference on Multimedia},
 year = {2001},
 location = {Ottawa, Canada},
 }

@inproceedings{Multimodal-Concept-Dependent-Active-Learning-for-Image-Retrieval,
     author = {King-Shy Goh and Edward Y. Chang and Wei-Cheng Lai},
     title = {Multimodal Concept-Dependent Active Learning for Image Retrieval},
     booktitle = {Proceedings of the ACM Conference on Multimedia},
     address = {New York},
     month = {October},
     year = {2004},
 }

@INPROCEEDINGS{Learning-with-local-global-consistency,
    AUTHOR = "Dengyong Zhou and Oliver Bousquet and Thomas Navin Lal and Jason Weston and Bernhard Sch{\"o}lkopf",
    TITLE = "Learning with Local and Global Consistency",
    BOOKTITLE = "Advances in Neural Information Processing Systems 16",
    address = "Vancouver, Canada",
    YEAR = "2003"
}

@inproceedings{semi-supervised-svm,
     author = {K. Bennett and A. Demiriz},
     title = {Semi-supervised Support Vector Machines},
     booktitle = {Advances in Neural Information Processing Systems 11},
     address = {Vancouver, Cananda},
     year = {1999},
}

@inproceedings{Convex-methods-for-transduction,
     author = {Tijl De Bie and Nello Cristianini},
     title = {Convex Methods for Transduction},
     booktitle = {Advances in Neural Information Processing Systems 15},
     address = {Vancouver, Cananda},
     year = {2003},
}

 @INPROCEEDINGS{Transductive-inference-for-text-classification-using-SVM,
    AUTHOR = "T. Joachims",
    TITLE = "Transductive Inference for Text Classification using Support Vector Machines",
    BOOKTITLE = "Proc. of the 16th Internatinoal Conference on Machine Learning",
    address = "Bled, Slovenia",
    YEAR = "1999"   }

 @INPROCEEDINGS{lessismoew-active-learning-svm,
    AUTHOR = "Greg Schohn and David Cohn",
    TITLE = "Less is More: Active Learning with Support Vector Machines",
    BOOKTITLE = "Proc. of the 17th Internatinoal Conference on Machine Learning",
    address = "Stanford, CA",
    YEAR = "2000"   }

@INPROCEEDINGS{Co-training,
    AUTHOR = "Avrim Blum and Tom Mitchell",
    TITLE = "Combining Labeled and Unlabeled Data with Co-Training",
    BOOKTITLE = "Proc. of the 11th Annual Conference on Computational Learning Theory",
    address="Madison, Wisconsin",
    YEAR = "1998"   }

@Book{semi-supervised-learning-book,
  editor =   {O. Chapelle and B. Sch{\"o}lkopf and A. Zien},
  title =    {Semi-Supervised Learning},
  publisher =    {MIT Press},
  year =     2006,
  address =  {Cambridge, MA}
}

@ARTICLE{Active-Learning-with-Statistical-Models,
    AUTHOR = "David A. Cohn and Zoubin Ghahramani and Michael I. Jordan",
    TITLE = "Active Learning with Statistical Models",
    JOURNAL = "Journal of Artificial Intelligence Research",
    VOLUME = {4},
    PAGES = {129-145},
    YEAR = {1996}   }

@inproceedings{Learning-an-Image-Manifold-for-Retrieval,
     author = {Xiaofei He and Wei-Ying Ma and Hong-Jiang Zhang},
     title = {Learning an Image Manifold for Retrieval},
     booktitle = {Proceedings of the ACM Conference on Multimedia},
     address = {New York},
     month = {October},
     year = {2004},
 }

@inproceedings{Incremental-LPP-for-image-retrieval,
     author = {Xiaofei He},
     title = {Incremental semi-supervised subspace learning for image retrieval},
     booktitle = {Proceedings of the ACM Conference on Multimedia},
     address = {New York},
     month = {October},
     year = {2004},
 }

@inproceedings{Manifold-Ranking-based-Image-Retrieval,
     author = {Jingrui He and Mingjing Li and Hong-Jiang Zhang and Hanghang Tong and Changshui Zhang},
     title = {Manifold-Ranking based Image Retrieval},
     booktitle = {Proceedings of the ACM Conference on Multimedia},
     address = {New York},
     month = {October},
     year = {2004},
 }

@inproceedings{A-Novel-Log-based-Relevance-Feedback-Technique-in-Content-based-Image-Retrieval,
     author = {Chu-Hong Hoi and Michael R. Lyu},
     title = {A Novel Log-based Relevance Feedback Technique in Content-based Image Retrieval},
     booktitle = {Proceedings of the ACM Conference on Multimedia},
     address = {New York},
     month = {October},
     year = {2004},
 }

@inproceedings{Boosting-Image-Retrieval,
     author = {K. Tieu and P. Viola},
     title = {Boosting Image Retrieval},
     booktitle = {Proceedings of the ACM Conference on Multimedia},
     address = {Hilton Head Island, SC},
     month = {June},
     year = {2000},
 }

@inproceedings{Semantic-Manifold-Learning-for-Image-Retrieval,
     author = {Yen-Yu Lin and Tyng-Luh Liu and Hwann-Tzong Chen},
     title = {Semantic Manifold Learning for Image Retrieval},
     booktitle = {Proceedings of the ACM Conference on Multimedia},
     address = {Singapore},
     month = {November},
     year = {2005},
 }


@inproceedings{Content-Based-Image-Retrieval-with-Relevance-Feedback-in-MARS,
     author = {Yong Rui and T. S. Huang and S. Mehrotra},
     title = {Content-Based Image Retrieval with Relevance Feedback in MARS},
     booktitle = {IEEE Conference on Image Processing},
     address = {Santa Barbara, CA},
     pages = {815-818},
     month= {Oct.},
     year = {1997},
}

@inproceedings{MindReader,
     author = {Y. Ishikawa and R. Subramanya and C. Faloutsos},
     title = {MindReader: Query Databases Through Multiples Examples},
     booktitle = {Proc. 24th International Conference on Very Large Databases},
     address = {New York},
     pages = {218-227},
     year = {1998},
}

@ARTICLE{PicHunter,
    AUTHOR = "I. J. Cox and T. P. Minka and T. V. Papathomas and P. N. Yianilos",
    TITLE = "The Bayesian Image Retrieval System, PicHunter: Theory, Implementation, and Psychophysical Experiments",
    JOURNAL = "IEEE Transactions on Image Processing",
    VOLUME = {9},
    PAGES = {20-37},
    YEAR = {2000}
}


@inproceedings{Nonparametric-Subspace-Analysis,
     author = {Z. Li and W. Liu and D. Lin and X. Tang},
     title = {Nonparametric Subspace Analysis for Face Recognition},
     booktitle = {IEEE Conference on Computer Vision and Pattern Recognition},
     month= {June},
     year = {2005},
}

@ARTICLE{A-Unified-Framework-for-Subspace-Face-Recognition,
    AUTHOR = "X. Wang and X. Tang",
    TITLE = "A Unified Framework for Subspace Face Recognition",
    JOURNAL = "IEEE Transactions on Pattern Analysis and Machine Intelligence",
    VOLUME = {26},
    NUMBER = {9},
    PAGES = {1222-1228},
    MONTH = {September},
    YEAR = {2004}   }

@ARTICLE{KPCA,
    AUTHOR = "B. Scholkopf and A. Smola and K. Muller",
    TITLE = "Nonlinear Component Analysis as a Kernel Eigenvalue Problem",
    JOURNAL = "Neural Computation",
    VOLUME = {10},
    PAGES = {1299-1319},
    YEAR = {1998}   }

@ARTICLE{GFLD,
    AUTHOR = "G. Baudat and F. Anouar",
    TITLE = "Generalized Discriminant Analysis using a Kernel Approach",
    JOURNAL = "Neural Computation",
    VOLUME = {12},
    NUMBER = {10},
    PAGES = {2385-2404},
    YEAR = {2000}   }

@inproceedings{Synthesizing-bidirectional-texture-functions-for-real-world-surfaces,
     author = {X. Liu and Y. Yu and H.-Y. Shum},
     title = {Synthesizing bidirectional texture functions for real-world surfaces},
     JOURNAL = {ACM Transactions on Graphics (Proc. SIGGRAPH)},
     Number = {20},
     PAGES = {97-106},
     address = {Los Angeles, CA},
     year = {2001},
}

@INPROCEEDINGS{Statistical-Computation-Analysis-LPP,
    AUTHOR = "Xiaofei He and Deng Cai and Wanli Min",
    TITLE = "Statistical and Computational Analysis of Locality Preserving Projection",
    BOOKTITLE = "Proceedings of the $22^{nd}$ International Conference on Machine Learning",
    address = {Bonn, Germany},
    YEAR = "2005"
}

@INPROCEEDINGS{learning-to-compress-images,
    AUTHOR = "Li Cheng and S.V.N. Vishwanathan",
    TITLE = "Learning to Compress Images and Videos",
    BOOKTITLE = "Proc. Int. Conf. on Machine Learning",
    YEAR = "2007"
}

@INPROCEEDINGS{Active-Learning-via-Transductive-Experimental-Design,
    AUTHOR = "Kai Yu and Jinbo Bi and Volker Tresp",
    TITLE = "Active Learning via Transductive Experimental Design",
    BOOKTITLE = "Proceedings of the $23^{rd}$ International Conference on Machine Learning",
    address = {Pittsburgh, PA},
    YEAR = "2006"
}


@INPROCEEDINGS{Pairwise-classification-and-support-vector-machines,
  AUTHOR =       {U. Kre{\ss}el},
  editor =       {B. Sch\"{o}lkopf and C. J. C. Burges and A. J. Smola},
  TITLE =        {Pairwise classification and support vector machines},
  BOOKTITLE =      {Advances in Kernel Methods - Support Vector Learning},
  pages =        {255-268},
  PUBLISHER =    {MIT Press},
  YEAR =         {1999},
}

@ARTICLE{Document-Clustering-Using-Locality-Preserving-Indexing,
  AUTHOR =       {Deng Cai and Xiaofei He and Jiawei Han},
  TITLE =        {Document Clustering Using Locality Preserving Indexing},
  JOURNAL =      {IEEE Transactions on Knowledge and Data Engineering},
  YEAR =         {2005},
  volume =       {17},
  number =       {12},
  pages =        {1624-1637},
  month =        {December},
}

@ARTICLE{maximum-margin-projection,
  AUTHOR =       {Xiaofei He and Deng Cai and Jiawei Han},
  TITLE =        {Learning a Maximum Margin Subspace for Image Retrieval},
  JOURNAL =      {IEEE Transactions on Knowledge and Data Engineering},
  YEAR =         {2008},
  volume =       {20},
  number =       {2},
  month =        {February},
}

@ARTICLE{A-Unified-Log-Based-Relevance-Feedback-Scheme-for-Image-Retrieval,
  AUTHOR =       {Steven C.H. Hoi and Michael R. Lyu and Rong Jin},
  TITLE =        {A Unified Log-Based Relevance Feedback Scheme for Image Retrieval},
  JOURNAL =      {IEEE Transactions on Knowledge and Data Engineering},
  YEAR =         {2006},
  volume =       {18},
  number =       {4},
  pages =        {509-524},
  month =        {April},
}

@inproceedings{OLPI,
 author = {Deng Cai and Xiaofei He},
 title = {Orthogonal locality preserving indexing},
 booktitle = {Proc. International Conference on Research and Development in Information Retrieval (SIGIR'05)},
 year = {2005},
 pages = {3-10},
address = {Salvador, Brazil},
 }

@inproceedings{A-database-centric-view-of-semantic-image-annotation-and-retrieval,
 author = {Gustavo Carneiro and Nuno Vasconcelos},
 title = {A Database Centric View of Semantic Image and Annotation and Retrieval},
 booktitle = {Proc. International Conference on Research and Development in Information Retrieval (SIGIR'05)},
 year = {2005},
 pages = {559-566},
address = {Salvador, Brazil},
 }

@TECHREPORT{Using-Graph-Model-for-Face-Analysis,
  AUTHOR =       {Deng Cai and Xiaofei He and Jiawei Han},
  TITLE =        {Using Graph Model for Face Analysis},
  INSTITUTION =  {Computer Science Department, UIUC, UIUCDCS-R-2005-2636},
  YEAR =         {2005},
  month =        {September},
}



@TECHREPORT{TensorSpaceModel_TR,
  AUTHOR =       {Deng Cai and Xiaofei He and Jiawei Han},
  TITLE =        {Tensor Space Model for Document Analysis},
  INSTITUTION =  {Computer Science Department, UIUC, UIUCDCS-R-2006-2715},
  YEAR =         {2006},
  month =        {April},
}

@TECHREPORT{Learning-with-Tensor-Representation_TR,
  AUTHOR =       {Deng Cai and Xiaofei He and Jiawei Han},
  TITLE =        {Learning with Tensor Representation},
  INSTITUTION =  {Computer Science Department, UIUC, UIUCDCS-R-2006-2716},
  YEAR =         {2006},
  month =        {April},
}

@TECHREPORT{Support-Tensor-Machines-for-Text-Categorization_TR,
  AUTHOR =       {Deng Cai and Xiaofei He and Ji-Rong Wen and Jiawei Han and Wei-Ying Ma},
  TITLE =        {Support Tensor Machines for Text Categorization},
  INSTITUTION =  {Computer Science Department, UIUC, UIUCDCS-R-2006-2714},
  YEAR =         {2006},
  month =        {April},
}



@ARTICLE{Generalized-Low-Rank-Approximations-of-Matrices,
  AUTHOR =       {Jieping Ye},
  TITLE =        {Generalized Low Rank Approximations of Matrices},
  JOURNAL =      {Machine Learning},
  YEAR =         {2005},
  volume =       {61},
  number =       {1-3},
  pages =        {167-191},
  month =        {Nov.},
}

@ARTICLE{laplacianface,
    AUTHOR = "Xiaofei He and Shuicheng Yan and Yuxiao Hu and Partha Niyogi and Hong-Jiang Zhang",
    TITLE = "Face Recognition Using Laplacianfaces",
    JOURNAL = "IEEE Transactions on Pattern Analysis and Machine Intelligence",
    VOLUME = {27},
    NUMBER = {3},
    PAGES = {328-340},
    YEAR = {2005}   }

@INPROCEEDINGS{Face-Recognition-Using-Kernel-Methods,
    AUTHOR = "M.-H. Yang",
    TITLE = "Face Recognition Using Kernel Methods",
    BOOKTITLE = "Advances in Neural Information Processing Systems 14",
    YEAR = "2001"   }

@inproceedings{SDP,
     author = {K. Q. Weinberger and L. K. Saul},
     title = {Unsupervised Learning of Image Manifolds by SemiDefinite Programming},
     booktitle = {IEEE Conference on Computer Vision and Pattern Recognition},
     address={Washington, DC},
     year = {2004},
 }

@inproceedings{Image-clustering-with-metric,
     author = {J. Lim and J. Ho and M-H. Yang and K-C. Lee and D. Kriegman},
     title = {Image Clustering with Metric, Local Linear Structure and Affinity Symmetry},
     booktitle = {Proceedings of the European Conference on Computer Vision},
     year = {2004},
 }

@ARTICLE{Principal-Manifolds,
    AUTHOR = "B. Moghaddam",
    TITLE = "Principal Manifolds and Probabilistic Subspaces for Visual Recognition",
    JOURNAL = "IEEE Transactions on Pattern Analysis and Machine Intelligence",
    VOLUME = {24},
    NUMBER = {6},
    YEAR = {2002}   }

@inproceedings{Separating-Style-and-Content-on-a-Nonlinear-Manifold,
     author = {A. Elgammal and C.-S. Lee},
     title = {Separating Style and Content on a Nonlinear Manifold},
     booktitle = {IEEE Conference on Computer Vision and Pattern Recognition},
     address={Washington, DC},
     year = {2004},
 }

@book{The-Laplacian-on-a-Riemannian-Manifold,
    author = "S. Rosenberg",
    title = "The Laplacian on a Riemannian Manifold",
    publisher = "Cambridge University Press",
    year = "1997",
}

@BOOK{Topics-in-Matrix-Analysis,
  AUTHOR =       {Roger Horn and Charles Johnson},
  TITLE =        {Topics in Matrix Analysis},
  PUBLISHER =    {Cambridge University Press},
  YEAR =         {1991},
}

@BOOK{Introduction-to-Statistical-Pattern-Recognition,
  AUTHOR =       {Keinosuke Fukunaga},
  TITLE =        {Introduction to Statistical Pattern Recognition},
  PUBLISHER =    {Academic Press},
  YEAR =         {1990},
  edition =      {2nd},
}

@BOOK{Riemannian-Geometry-and-Geometric-Analysis,
  AUTHOR =       {Jurgen Jost},
  TITLE =        {Riemannian Geometry and Geometric Analysis},
  PUBLISHER =    {Springer-Verlag},
  YEAR =         {2002},
}

@ARTICLE{Discretized-Laplacian-Smoothing-by-Fourier-Methods,
  AUTHOR =       {Finbarr O'Sullivan},
  TITLE =        {Discretized Laplacian Smoothing by Fourier Methods},
  JOURNAL =      {Journal of the American Statistical Association},
  YEAR =         {1991},
  volume =       {86},
  number =       {415},
  pages =        {634-642},
  month =        {Sep.},
}

@ARTICLE{On-Direct-Methods-for-Solving-Poisson-Equations,
  AUTHOR =       {B. L. Buzbee and G. H. Golub and C. W. Nielson},
  TITLE =        {On Direct Methods for Solving Poisson's Equations},
  JOURNAL =      {{SIAM} Journal on Numerical Analysis},
  YEAR =         {1970},
  volume =       {7},
  number =       {4},
  pages =        {627-656},
  month =        {Dec.},
}

@BOOK{The-Theory-of-Splines-and-Their-Applications,
  AUTHOR =       {J. Harold Ahlberg},
  TITLE =        {The Theory of Splines and Their Applications},
  PUBLISHER =    {Academic Press},
  YEAR =         {1967},
}

@ARTICLE{Image-recovery-via-total-variation-minimization-and-related-problems,
  AUTHOR =       {Antonin Chambolle and Pierre-Louis Lions},
  TITLE =        {Image recovery via total variation minimization and related problems},
  JOURNAL =      {Numerische Mathematik},
  YEAR =         {1997},
  volume =       {76},
  pages =        {167-188},
}

@article{High-Order-Total-Variation-Based-Image-Restoration,
 author = {Tony Chan and Antonio Marquina and Pep Mulet},
 title = {High-Order Total Variation-Based Image Restoration},
 journal = {SIAM J. Sci. Comput.},
 volume = {22},
 number = {2},
 year = {2000},
 pages = {503--516},
 }

@ARTICLE{A-review-of-image-warping-methods,
  AUTHOR =       {C. A. Glasbey and K. V. Mardia},
  TITLE =        {A review of image-warping methods},
  JOURNAL =      {Journal of Applied Statistics},
  YEAR =         {1997},
  volume =       {25},
  number =       {2},
  pages =        {155-171},
}

@ARTICLE{Automated-Smoothing-of-Image-and-Other-Regularly-Spaced-Data,
    AUTHOR = "Mark Berman",
    TITLE = "Automated Smoothing of Image and Other Regularly Spaced Data",
    JOURNAL = "IEEE Transactions on Pattern Analysis and Machine Intelligence",
    VOLUME = {16},
    NUMBER = {5},
    PAGES = {460-468},
    YEAR = {1994},
}

@INCOLLECTION{Using-Manifold-Structure-for-Partially-Labeled-Classification,
    Author         = {M. Belkin and P. Niyogi},
    Booktitle      = {Advances in Neural Information Processing Systems 15},
    Title          = {Using Manifold Structure for Partially Labeled Classification},
    Year           = {2002},
    PUBLISHER      = {MIT Press},
    address        = {Cambridge, MA},
}

@ARTICLE{LSQR,
  AUTHOR =       {Christopher C. Paige and Michael A. Saunders},
  TITLE =        {{LSQR}: An Algorithm for Sparse Linear Equations and Sparse Least Squares},
  JOURNAL =      {{ACM} Transactions on Mathematical Software},
  YEAR =         {1982},
  volume =       {8},
  number =       {1},
  pages =        {43-71},
  month =        {March},
}

@article{Regularized-discriminant-Analysis,
    author = "Jerome H. Friedman",
    title = "Regularized Discriminant Analysis",
    journal = "Journal of the American Statistical Association",
    volume = "84",
    number = "405",
    pages = "165--175",
    year = "1989",
}

@article{Penalized-discriminant-Analysis,
    author = "T. Hastie and A. Buja and R. Tibshirani",
    title = "Penalized Discriminant Analysis",
    journal = "Annals of Statistics",
    volume = "23",
    pages = "73--102",
    year = "1995",
}

@article{Discriminant-Analysis-with-Singular-Covariance-Matrices,
    author = "W. J. Krzanowski and P. Jonathan and W. V. McCarthy and M. R. Thomas",
    title = "Discriminant Analysis with Singular Covariance Matrices: Methods and Applications to Spectroscopic Data",
    journal = "Applied Statistics",
    volume = "44",
    number = "1",
    pages = "101--115",
    year = "1995",
}


@ARTICLE{LDA-Ye-2005-JMLR,
    AUTHOR = "Jieping Ye",
    TITLE = "Characterization of a Family of Algorithms for Generalized Discriminant Analysis on Undersampled Problems",
    JOURNAL = "Journal of Machine Learning Research",
    NUMBER = {6},
    PAGES = {483-502},
    YEAR = {2005},
}

@ARTICLE{LDA-Ye-2004-PAMI,
    AUTHOR = "Jieping Ye and Ravi Janardan and Cheonghee Park and Haesun Park",
    TITLE = "An optimization criterion for generalized discriminant analysis on undersampled problems",
    JOURNAL = "IEEE Transactions on Pattern Analysis and Machine Intelligence",
    VOLUME = {26},
    NUMBER = {8},
    PAGES = {982-994},
    YEAR = {2004},
}


@ARTICLE{LDA-Howland-2004-PAMI,
    AUTHOR = "Peg Howland and Haesun Park",
    TITLE = "Generalizing Discriminant Analysis Using the Generalized Singular Value Decomposition",
    JOURNAL = "IEEE Transactions on Pattern Analysis and Machine Intelligence",
    VOLUME = {26},
    NUMBER = {8},
    PAGES = {995-1006},
    YEAR = {2004},
}

@INPROCEEDINGS{Equivalence-of-Two-stage-LDA,
  AUTHOR =       {Peg Howland and Haesun Park},
  TITLE =        {Equivalence of Several Two-stage Methods for Linear Discriminant Analysis},
  BOOKTITLE =    {Proc. {SIAM} International Conference on Data Mining},
  YEAR =         {2004},
 }



@INPROCEEDINGS{NLDAvsOLDA-Ye-2006-ICML,
  AUTHOR =       {Jieping Ye and Tao Xiong},
  TITLE =        {Null space versus orthogonal linear discriminant analysis},
  BOOKTITLE =    {The Twenty-Third International Conference on Machine Learning},
  YEAR =         {2006},
 }

@INPROCEEDINGS{LDA-in-Document-Classification,
  AUTHOR =       {Kari Torkkola},
  TITLE =        {Linear Discriminant Analysis in Document Classification},
  BOOKTITLE =    {Proc. {IEEE} {ICDM} Workshop Text Mining},
  YEAR =         {2001},
 }


@ARTICLE{Why-PCA-LDA,
    AUTHOR = "J. Yang and J. Y. Yang",
    TITLE = "Why Can LDA be Performed in PCA Transformed Space",
    JOURNAL = "Pattern Recognition",
    VOLUME = {36},
    NUMBER = {2},
    PAGES = {563-566},
    YEAR = {2003},
}


@ARTICLE{Regularization-of-Incorrectly-Posed-Problems,
    AUTHOR = "A. N. Tikhonov",
    TITLE = "Regularization of Incorrectly Posed Problems",
    JOURNAL = "Soviet Math.",
    NUMBER = {4},
    YEAR = {1963 (English Translation)},
}

@ARTICLE{Regularization-Networks,
    AUTHOR = "T. Evgeniou and M. Pontil and T. Poggio",
    TITLE = "Regularization Networks and Support Vector Machines",
    JOURNAL = "Advances in Computational Mathematics",
    VOLUME = {13},
    PAGES = {1-50},
    YEAR = {2000},
}

@INPROCEEDINGS{Best-approximate-solution-of-linear-matrix-equations,
  AUTHOR =       {Roger Penrose},
  TITLE =        {On best approximate solution of linear matrix equations},
  BOOKTITLE =    {Proceedings of the Cambridge Philosophical Society},
  YEAR =         {1956},
  volume =       {52},
  pages =        {17-19},
}

@INPROCEEDINGS{generalized-inverse-for-matrices,
  AUTHOR =       {Roger Penrose},
  TITLE =        {A generalized inverse for matrices},
  BOOKTITLE =    {Proceedings of the Cambridge Philosophical Society},
  YEAR =         {1955},
  volume =       {51},
  pages =        {406-413},
}



@ARTICLE{ULDA,
    AUTHOR = "Z. Jin and J. Y. Yang and Z. S. Hu and Z. Lou",
    TITLE = "Face recognition based on the uncorrelated discriminant transformation",
    JOURNAL = "Pattern Recognition",
    VOLUME = {34},
    PAGES = {1405-1416},
    YEAR = {2001},
}

@ARTICLE{Discriminative-Common-Vectors,
    AUTHOR = "Hakan Cevikalp and Marian Neamtu and Mitch Wilkes and Atalay Barkana",
    TITLE = "Discriminative Common Vectors for Face Recognition",
    JOURNAL = "IEEE Transactions on Pattern Analysis and Machine Intelligence",
    VOLUME = {27},
    NUMBER = {1},
    PAGES = {4-13},
    YEAR = {2005},
}

@ARTICLE{Common-Vector-Approach,
    AUTHOR = "M. B. Gulmezoglu and V. Dzhafarov and M. Keskin and A. Barkana",
    TITLE = "The Common Vector Approach and Its Relation to Principal Component Analysis",
    JOURNAL = "IEEE Transactions on Speech and Audio Processing",
    VOLUME = {9},
    NUMBER = {6},
    YEAR = {2001},
}


@article{Solving-Ill-Conditioned-and-Singular-Linear-Systems,
 author = {Arnold Neumaier},
 title = {Solving Ill-Conditioned and Singular Linear Systems: A Tutorial on Regularization},
 journal = {SIAM Rev.},
 volume = {40},
 number = {3},
 year = {1998},
 pages = {636--666},
 }


@inproceedings{Combining-Labeled-and-Unlabeled-Data-with-Co-training,
    author = "Avrim Blum and Tom Mitchell",
    title = "Combining Labeled and Unlabeled Data with Co-training",
    booktitle = "Proceedings of the 11th Annual Conference on Computational Learning Theory",
    pages = "92-100",
    year = "1998",
}


@inproceedings{Learning-from-Labeled-and-Unlabeled-Data-Using-Graph-Mincuts,
    author = "Avrim Blum and Shuchi Chawla",
    title = "Learning from Labeled and Unlabeled Data Using Graph Mincuts",
    booktitle = "Proc. 18th International Conf. on Machine Learning",
    pages = "19--26",
    year = "2001",
}

@inproceedings{Transductive-learning-via-spectral-graph-partitioning,
  author = "T. Joachims",
  title = "Transductive learning via spectral graph partitioning",
  booktitle = "Proceeding of The Twentieth International Conference on Machine Learning",
  year = "2003",
}


@article{Spectral-partitioning-with-multiple-eigenvectors,
 author = {Charles J. Alpert and Andrew B. Kahng and So-Zen Yao},
 title = {Spectral partitioning with multiple eigenvectors},
 journal = {Discrete Applied Mathematics},
 volume = {90},
 year = {1999},
 pages = {3--26},
 }


@INPROCEEDINGS{A-loss-function-analysis-for-classification-methods-in-text-categorization,
    Author         = {Fan Li and Yiming Yang},
    Booktitle      = {Proc. 2003 Int. Conf. Machine Learning (ICML'03)},
    Title          = {A loss function analysis for classification methods in text categorization},
    Year           = {2003}
}

@article{Text-categorization-based-on-regularized-linear-classification-methods,
 author = {Tong Zhang and Frank J. Oles},
 title = {Text categorization based on regularized linear classification methods},
 journal = {Information Retrieval},
 volume = {4},
 year = {2001},
 pages = {5--31},
 }



@INPROCEEDINGS{Fisher-Discriminant-Analysis-with-Kernels,
  author = {Sebastian Mika and Gunnar R\"{a}tsch and Jason Weston and Bernhard Sch\"{o}lkopf and Klaus-Robert M\"{u}ller},
  title = {Fisher Discriminant Analysis with Kernels},
  Booktitle = "Proc. of IEEE Neural Networks for Signal Processing Workshop (NNSP)",
  year = "1999",
}


@PHDTHESIS{LPPThesis,
  AUTHOR =       {Xiaofei He},
  TITLE =        {Locality Preserving Projections},
  SCHOOL =       {University of Chicago},
  YEAR =         {2005},
}

@TECHREPORT{Wahba_SVM_RKHS,
  AUTHOR =       {Grace Wahba},
  TITLE =        {Support Vector Machines, Reproducing Kernel Hilbert Spaces and the Randomized GACV},
  INSTITUTION =  {Department of Statistics, University of Wisconsin},
  YEAR =         {1998},
  number =       {984rr},
  month =        {July},
}

@BOOK{Learning-with-Kernels,
    Author         = {B. Sch\"{o}lkopf and A. J. Smola},
    Publisher      = {MIT Press},
    Title          = {Learning with Kernels},
    Year           = {2002}
}

@INPROCEEDINGS{Algebraic-aspects-of-interpolation,
  AUTHOR =       {C. A. Micchelli},
  TITLE =        {Algebraic aspects of interpolation},
  BOOKTITLE =    {Proceedings of Symposia in Applied Mathematics},
  YEAR =         {1986},
  volume =       {36},
  pages =        {81-102},
}

@article{Comparison-of-discrimination-methods-for-classification-tumors,
 author = {S. Dudoit and J. Fridlyand and T. P. Speed},
 title = {Comparison of discrimination methods for the classification of tumors using gene expression data},
 journal = {Journal of the American Statistical Association},
 volume = {97},
 number = {457},
 year = {2002},
 pages = {77--87},
 }

 @BOOK{Mining-the-Web,
    Author         = {S. Chakrabarti},
    Publisher      = {Morgan Kaufmann Publishers},
    Title          = {Mining the Web: Discovering Knowledge from Hypertext Data},
    Year           = {2002}
}

@INPROCEEDINGS{Flexible-Learning-System-for-Wrapping-Tables-and-Lists,
  AUTHOR =       {W. Cohen and M. Hurst and L. Jensen},
  TITLE =        {A Flexible Learning System for Wrapping Tables and Lists in {HTML} Documents},
  BOOKTITLE =    {Proceedings of the 11th International World Wide Web Conference (WWW2002)},
  YEAR =         {2002},
}

@INPROCEEDINGS{Information-Extraction-with-HMM-Structures,
  AUTHOR =       {D. Freitag and A. McCallum},
  TITLE =        {Information Extraction with HMM Structures Learned by Stochastic Optimization},
  BOOKTITLE =    {Proceedings of AAAI'00},
  YEAR =         {2000},
}

@article{Wrapper-Induction-Efficiency-and-Expressiveness,
  AUTHOR =       {N. Kushmerick},
  TITLE =        {Wrapper Induction: Efficiency and Expressiveness},
  journal = {Artificial Intelligence},
 number = {118},
 year = {2000},
 pages = {15--68},
 }

@INPROCEEDINGS{Hierarchical-Approach-to-Wrapper-Induction,
  AUTHOR =       {I. Muslea and S. Minton and C. Knoblock},
  TITLE =        {A Hierarchical Approach to Wrapper Induction},
  BOOKTITLE =    {Agents'99},
  YEAR =         {1999},
}

@INPROCEEDINGS{Extracting-Structured-Data-from-Web-Pages,
  AUTHOR =       {A. Arasu and H. Garcia-Molina},
  TITLE =        {Extracting Structured Data from Web Pages},
  BOOKTITLE =    {Proceedings of SIGMOD'03},
  YEAR =         {2003},
}

@INPROCEEDINGS{Record-boundary-discovery-in-Web-documents,
  AUTHOR =       {D. Embley and Y. Jiang and Y. Ng},
  TITLE =        {Record-boundary discovery in Web documents},
  BOOKTITLE =    {Proceedings of SIGMOD'99},
  YEAR =         {1999},
}

@INPROCEEDINGS{Information-Extraction-Based-on-Pattern-Discovery,
  AUTHOR =       {C-H. Chang and S-L Lui},
  TITLE =        {IEPAD: Information Extraction Based on Pattern Discovery},
  BOOKTITLE =    {Proceedings of the 10th International World Wide Web Conference (WWW2001)},
  YEAR =         {2001},
}

@INPROCEEDINGS{Roadrunner,
  AUTHOR =       {V. Crescenzi and G. Mecca and P. Merialdo},
  TITLE =        {Roadrunner: Towards Automatic Data Extraction from Large Web Sites},
  BOOKTITLE =    {Proceedings of VLDB'01},
  YEAR =         {2001},
}

@INPROCEEDINGS{MDR,
  AUTHOR =       {B. Liu and R. Grossman and Y. Zhai},
  TITLE =        {Mining Data Records in Web Pages},
  BOOKTITLE =    {Proceedings of KDD'03},
  YEAR =         {2003},
}

@article{Mining-Semantics-for-Large-Scale-Integration-on-the-Web,
  AUTHOR =       {K. C.-C. Chang and B. He and Z. Zhang},
  TITLE =        {Mining Semantics for Large Scale Integration on the Web: Evidences, Insights, and Challenges},
  journal = {SIGKDD Explorations},
  volume = {6},
  number = {2},
  year = {2004},
  pages = {67--76},
 }


@INPROCEEDINGS{VIPS_APWeb,
    Author         = {Deng Cai and Shipeng Yu and Ji-Rong Wen and Wei-Ying Ma},
    Booktitle      = {Fifth Asia Pacific Web Conference (APWeb2003)},
    Title          = {Extracting Content Structure for Web Pages based on Visual Representation},
    Year           = {2003},
}


@TECHREPORT{VIPS,
  AUTHOR =       {Deng Cai and Shipeng Yu and Ji-Rong Wen and Wei-Ying Ma},
  TITLE =        {VIPS: a Vision-based Page Segmentation Algorithm},
  INSTITUTION =  {Microsoft Technical Report (MSR-TR-2003-79)},
  YEAR =         {2003},
}

@INPROCEEDINGS{WebImage_ICME,
    Author         = {Deng Cai and Xiaofei He and Wei-Ying Ma and Ji-Rong Wen and Hongjiang Zhang},
    Booktitle      = {IEEE Int. Conf. on Multimedia and Expo (ICME'04)},
    Title          = {Organizing WWW Images based on the Analysis of Page Layout and Web Link Structure},
    Year           = {2004},
}

@INPROCEEDINGS{WebImage_ACMMM,
    Author         = {Deng Cai and Xiaofei He and Zhiwei Li and Wei-Ying Ma and Ji-Rong Wen},
    Booktitle      = {ACM Conference on Multimedia},
    Title          = {Hierarchical Clustering of WWW Image Search Results using Visual, Texture, and Link Analysis},
    Year           = {2004},
}

@article{WebImage_TMCCA,
  AUTHOR =       {Xiaofei He and Deng Cai and Ji-Rong Wen and Wei-Ying Ma and Hong-Jiang Zhang},
  TITLE =        {Clustering and Searching WWW Images Using Link and Page Layout Analysis},
  journal = {ACM Transactions on Multimedia Computing, Communications and Applications},
  volume = {3},
  number = {1},
  year = {2007},
 }

 @INPROCEEDINGS{Two-dimensional-languages,
    Author         = {D. Giammarresi and A. Restivo},
    Booktitle      = {Handbook of Formal Language Theory},
    Title          = {Two-dimensional languages},
    Year           = {1996},
}

@inproceedings{Regular-Expressions-and-Context-Free-Grammars-for-Picture-Languages,
    author = "Oliver Matz",
    title = "Regular Expressions and Context-Free Grammars for Picture Languages",
    booktitle = "Symposium on Theoretical Aspects of Computer Science",
    pages = "283-294",
    year = "1997",
}

@Book{Semi-Supervised-Learning,
  editor =   {O. Chapelle and B. Sch{\"o}lkopf and A. Zien},
  title =    {Semi-Supervised Learning},
  publisher =    {MIT Press},
  year =     2006,
}


@INPROCEEDINGS{TSVM-Text,
    Author         = {T. Joachims},
    Booktitle      = {Proc. 1999 Int. Conf. Machine Learning (ICML'99)},
    Title          = {Transductive inference for text classification using support vector machines},
    Year           = {1999}
}

@INPROCEEDINGS{A-probability-analysis-on-the-value-of-unlabeled-data,
    Author         = {Tong Zhang and Frank J. Oles},
    Booktitle      = {Proc. 2000 Int. Conf. Machine Learning (ICML'00)},
    Title          = {A probability analysis on the value of unlabeled data for classification problems},
    Year           = {2000}
}

@inproceedings{Semi-supervised-support-vector-machines,
 author = {Kristin P. Bennett and Ayhan Demiriz},
 title = {Semi-supervised support vector machines},
 booktitle = {Proceedings of the 1998 conference on Advances in neural information processing systems},
 year = {1999},
}


@article{Manifold-Regularization-Journal,
  AUTHOR =       {M. Belkin and P. Niyogi and V. Sindhwani},
  TITLE =        {Manifold Regularization: A Geometric Framework for Learning from Examples},
  journal = {Journal of Machine Learning Research},
  VOLUME = {7},
  pages = {2399-2434},
  year = {2006},
 }

@ARTICLE{Semisupervised-Learning-of-Classifiers-2004-PAMI,
    AUTHOR = "Ira Cohen and Fabio G. Cozman and Nicu Sebe and Marcelo C. Cirelo and Thomas S. Huang",
    TITLE = "Semisupervised Learning of Classifiers: Theory, Algorithms, and Their Application to Human-Computer Interaction",
    JOURNAL = "IEEE Transactions on Pattern Analysis and Machine Intelligence",
    VOLUME = {26},
    NUMBER = {12},
    PAGES = {1553-1567},
    YEAR = {2004},
}


@ARTICLE{Performance-Graphs-CBIR-2005-PAMI,
    AUTHOR = "Dionysius P. Huijsmans and Nicu Sebe",
    TITLE = "How to Complete Performance Graphs in Content-Based Image Retrieval: Add Generality and Normalize Scope",
    JOURNAL = "IEEE Transactions on Pattern Analysis and Machine Intelligence",
    VOLUME = {27},
    NUMBER = {2},
    PAGES = {245-251},
    YEAR = {2005},
}

@ARTICLE{CBIR-at-the-End-of-the-Early-Years-2000-PAMI,
    AUTHOR = "Arnold Smeulders and Marcel Worring and Simone Santini and Amarnath Gupta and Ramesh Jain",
    TITLE = "Content-Based Image Retrieval at the End of the Early Years",
    JOURNAL = "IEEE Transactions on Pattern Analysis and Machine Intelligence",
    VOLUME = {22},
    NUMBER = {12},
    PAGES = {1349-1380},
    YEAR = {2000},
}

@ARTICLE{Relevance-Feedback-A-Power-Tool-in-Interactive-CBIR,
    AUTHOR = "Yong Rui and Thomas Huang and Michael Ortega and Sharad Mehrotra",
    TITLE = "Relevance Feedback: A Power Tool in Interactive Content-Based Image Retrieval",
    JOURNAL = "IEEE Trans. on Circuits and Systems for Video Technology",
    VOLUME = {8},
    NUMBER = {5},
    PAGES = {644-655},
    YEAR = {1998},
}

@INPROCEEDINGS{Semi-Supervised-Active-Learning-Framework-for-Image-Retrieval,
    Author         = {Steven Hoi and Michael Lyu},
    Title          = {A Semi-Supervised Active Learning Framework for Image Retrieval},
    booktitle = {Proc. IEEE Conf. Computer Vision and Pattern Recognition Machine Learning (CVPR'05)},
    year      = {2005},
}

@INPROCEEDINGS{Analysis-of-the-Value-of-Unlabeled-Data-in-Semi-Supervised-Learning-for-Image-Retrieval,
    Author         = {Qi Tian and Jie Yu and Qing Xue and Nicu Sebe},
    Booktitle      = {IEEE Int. Conf. on Multimedia and Expo (ICME'04)},
    Title          = {A New Analysis of the Value of Unlabeled Data in Semi-Supervised Learning for Image Retrieval},
    Year           = {2004},
}

@article{tikhomirov1960dsf,
  title={{Diameters of sets in function spaces and the theory of best approximations}},
  author={Tikhomirov, V.M.},
  journal={Russian Mathematical Surveys},
  volume={15},
  number={3},
  pages={75--111},
  year={1960},
  publisher={Turpion Ltd}
}

@conference{mei2005det,
  title={{Discovering evolutionary theme patterns from text: an exploration of temporal text mining}},
  author={Mei, Q. and Zhai, C.X.},
  booktitle={Proceedings of the eleventh ACM SIGKDD international conference on Knowledge discovery in data mining},
  pages={198--207},
  year={2005},
  organization={ACM New York, NY, USA}
}

@conference{chakrabarti2006ec,
  title={{Evolutionary clustering}},
  author={Chakrabarti, D. and Kumar, R. and Tomkins, A.},
  booktitle={Proceedings of the 12th ACM SIGKDD international conference on Knowledge discovery and data mining},
  pages={554--560},
  year={2006},
  organization={ACM New York, NY, USA}
}

@conference{chi2007esc,
  title={{Evolutionary spectral clustering by incorporating temporal smoothness}},
  author={Chi, Y. and Song, X. and Zhou, D. and Hino, K. and Tseng, B.L.},
  booktitle={Proceedings of the 13th ACM SIGKDD international conference on Knowledge discovery and data mining},
  pages={153--162},
  year={2007},
  organization={ACM New York, NY, USA}
}

@article{hubert1985cp,
  title={{Comparing partitions}},
  author={Hubert, L. and Arabie, P.},
  journal={Journal of classification},
  volume={2},
  number={1},
  pages={193--218},
  year={1985},
  publisher={Springer}
}

