@article{LeNgoc1996,
author = {Gu, Y. and Le-Ngoc, T.},
journal = {IEEE Trans. Commun.},
number = {7},
pages = {846--847},
title = {{Adaptive combined DFE/MLSE techniques for ISI channels}},
volume = {44},
year = {1996}
}
@article{Benedetto1998,
author = {Benedetto, S. and Disalar, D. and Montorsi, G. adn Pollara, F.},
journal = {IEEE Trans. Commun.},
number = {3},
pages = {},
title = {{Serial Concatenation of Interleaved Codes: Performance
    Analysis, Design, and Iterative Decoding.}},
volume = {44},
year = {1998}
}
@article{stojanovic1993,
author = {Stojanovic and Milica and Captipovic, J and Proakis, John G},
journal = {The Journal of the Acoustical Society of America},
number = {},
pages = {1621--1632},
title = {{Adaptive multi-channel combining and equalization for underwater acoustic communications}},
volume = {94},
year = {1993}
}
@article{Blostein1995,
author = {Liu, Y. and Blostein, S.D.},
journal = {IEEE Trans. Commun.},
number = {2},
pages = {1484--1492},
title = {{Identification of frequency non-selictive channels using decision feedback and adaptive linear prediction}},
volume = {42},
year = {1995}
}
@article{Pasupathy1995,
author = {Yu, X.Y. and Pasupathy, S.},
journal = {IEEE Trans. Commun.},
number = {2},
pages = {1534--1544},
title = {{Innovations-based MLSE for rayleigh fading channels}},
volume = {43},
year = {1995}
}
@inproceedings{Taylor1995,
author = {Hart, B. and Taylor, D.P.},
booktitle = {Communications, 1996. ICC '96, Conference Record, Converging Technologies for Tomorrow's Applications. 1996 IEEE International Conference on},
title = {{Extended MLSE Diversity Receiver for the Time and Frequency Selective Channel}},
year = {1996}
month = {jun},
volume = {2},
number = {},
pages = {874--878},
}
@article{stuber1997,
author = {Yin, L. and Stuber, G.L.},
journal = {IEEE Trans. Commun.},
number = {6},
pages = {651--658},
title = {{MLSE and Soft-Output Equalization for Trellis-Coded Continuous Phase Modulation}},
volume = {45},
year = {1997}
}
@article{Younis,
author = {Younis, W. and Al-Dhahir, N.},
journal = {IEEE Trans. Veh. Technol.},
number = {},
pages = {144--154},
title = {{oint prefiltering and MLSE equalization of space-time coded transmissions over frequency-selective channels}},
volume = {},
year = {2002}
}
@article{Wang1996,
author = {Wang, T. and ng, C.W.},
journal = {IEEE Trans. Commun.},
number = {11},
pages = {1404--1412},
title = {{On Adaptive Decission-Feedback Equalization of Inter symbol Interference Channels in Coded Modulation Systems}},
volume = {44},
year = {1996}
}
@article{Zhou1990,
author = {Zhou, K. , Proakis, J.G. and Ling, L.},
journal = {IEEE Trans. Commun.},
number = {1},
pages = {18--24},
title = {{Decision-Feedback Equalization of Time-Dispersive Chanels with Coded Modulation}},
volume = {38},
year = {1990}
}

@article{Abbeel2005a,
author = {Abbeel, Pieter and Ng, Andrew Y},
journal = {Artificial Intelligence},
title = {{Learning Factor Graphs in Polynomial Time \& Sample Complexity}},
year = {2005}
}
@article{Abstract2007,
author = {Abstract, A and Journal, Ieee},
journal = {IEEE Journal of Oceanic Engineering},
number = {4},
pages = {915--926},
title = {{Multiuser Communications Using Passive Time Reversal}},
volume = {32},
year = {2007}
}
@inproceedings{Akay2004,
author = {Akay, Enis and Ayanoglu, Ender},
booktitle = {Communications, 2004 IEEE International Conference on},
pages = {901 -- 905},
title = {{Low Complexity Decoding of Bit-Interleaved Coded Modulation for M -ary QAM}},
year = {2004}
}
@article{Alvarado,
author = {Alvarado, Alex},
title = {{On Bit-interleaved Coded Modulation with QAM Constellations}}
}
@article{Alvarado2011,
author = {Alvarado, Alex and Szczecinski, Leszek and Agrell, Erik},
doi = {10.1109/TCOMM.2011.091411.100505},
issn = {0090-6778},
journal = {IEEE Transactions on Communications},
month = oct,
number = {10},
pages = {2692--2702},
title = {{On BICM Receivers for TCM Transmission}},
volume = {59},
year = {2011}
}
@article{Anastasopoulos2000,
author = {Anastasopoulos, a. and Chugg, K.M.},
doi = {10.1109/26.871389},
issn = {00906778},
journal = {IEEE Transactions on Communications},
number = {10},
pages = {1638--1649},
title = {{Adaptive soft-input soft-output algorithms for iterative detection with parametric uncertainty}},
volume = {48},
year = {2000}
}
@inproceedings{Teo2010,
author = {Teo, Kok Ann Donny and Ohno, Ohno Shuichi and Takanori, Ishii},
booktitle = {Wireless Communications, Networking and Information Security (WCNIS), 2010 IEEE International Conference on},
isbn = {9781424458493},
pages = {137--141},
title = {{Turbo Equalization and Channel Re-estimation In OFDM over Doubly-Selective Channel}},
year = {2010}
}
@phdthesis{LEBIDANRaphael2003,
author = {{LE BIDAN Raphael}},
pages = {0--191},
title = {{Turbo-equalization for bandwidth-efficient digital communications over frequency-selective channels}},
year = {2003}
}
@article{Berthet2001,
author = {Berthet, Antoine O and \"{U}nal, Berna Sayrac and Visoz, Rapha\"{e}l},
journal = {IEEE Journal on Selected Areas in Communications},
number = {9},
pages = {1729--1743},
title = {{Iterative Decoding of Convolutionally Encoded Signals Over Multipath Rayleigh Fading Channels}},
volume = {19},
year = {2001}
}
@article{Geller1995,
author = {Geller, B. and Capellano, V. and Jourdain, G.},
journal = {IEEE on ICASSP},
number = {9},
pages = {3179--3182},
title = {{Equalizer for real time high rate transmission in underwater communications}},
volume = {},
year = {1995}
}
@inproceedings{Blackmon2001,
author = {Blackmon, F},
booktitle = {OCEANS, 2001. MTS/IEEE Conference and Exhibition},
isbn = {0933957289},
pages = {2191--2200},
title = {{Performance Comparison of Iterativehtegral Equalizer / Decoder Structures for Underwater Acoustic Channels}},
year = {2001}
}
@inproceedings{Capellano1998,
author = {Capellano, V. and Jourdain, G.},
booktitle = {Oceans'98 Conference Proceedings},
number = {2},
pages = {1178--1182},
title = {{Comparison of adaptive algorithms for multichannel adaptive equalizers: Application to underwater acoustic communications}},
year = {1998}
}
@article{Bouvet,
author = {Bouvet, P J and Langlais, C and Morgan, Y M and Siaud, I and R, France Telecom and Ddh, D M R and Courtel, Clos and Cesson, S},
pages = {2--5},
title = {{On the Performance of a Turbo-Equalizer including Blind Equalizer over Time and Frequency-selective Channel . Comparison with an OFDM System .}}
}
@inproceedings{Annie1997,
author = {Annie, PICART and Pierre, DIDIER and Alain, GLAVIEUX},
booktitle = {Communications, 1997. ICC '97 Montreal, Towards the Knowledge Millennium. 1997 IEEE International Conference on},
isbn = {0780339258},
pages = {1498--1502},
title = {{Turbo-Detection: A new Approach to combat channel Frequency selectivity}},
volume = {3},
year = {1997}
}
@article{Caire,
author = {Caire, Giuseppe},
number = {xx},
pages = {1--144},
title = {{Bit-Interleaved Coded Modulation}},
volume = {xx}
}
@article{Capellano1997,
author = {Capellano, Vittorio},
journal = {OCEANS'97. MTS/IEEE Conference \ldots},
number = {October},
pages = {569--573},
title = {{Performance improvements of 50 km acoustic transmission through adaptive equalization and spatial diversity}},
volume = {2},
year = {1997}
}
@article{Essebbar1994,
author = {Essebbar, A. and Loubet, G.},
journal = {IEEE Proceedings of Oceans 94},
number = {3},
pages = {495--500},
title = {{Underwater Acoustic Channel Simulations for Communication}},
volume = {8},
year = {1994}
}
@article{Carrasco2005,
author = {Carrasco, R. and Wassell, I.},
doi = {10.1109/GLOCOM.2005.1577883},
isbn = {0-7803-9414-3},
journal = {GLOBECOM '05. IEEE Global Telecommunications Conference, 2005.},
pages = {5--11},
publisher = {Ieee},
title = {{Filter-based turbo equalization for TCM signals}},
year = {2005}
}
@article{wang1999iterative,
author = {Wang, Xiaodong and Poor, H Vincent},
journal = {IEEE Transactions on Communications},
pages = {1046--1061},
publisher = {IEEE},
title = {{Iterative (Turbo) soft interference cancellation and decoding for coded CDMA}},
year = {1999}
}
@INPROCEEDINGS{strobach1986, 
author={Strobach, P.}, 
booktitle={IEEE tRans. Acoust., Speech, Signal Processing}, 
title={Pure order recursive least-squares ladder algorithms}, 
year={1986}, 
month={Aug.}, 
volume={36}, 
number={}, 
pages={880--897}, 
}
@book{Simon2001,
address = {New Jersey},
author = {Simon Haykin},
publisher = {Prentice Hall},
title = {{Adaptive Filter Theory(Fourth Edition)}}
year = {2002}
}
@book{ProakisB2001,
address = {New York},
author = {G.Proakis},
publisher = {McGraw-Hill},
title = {{Digital Communication}}
year = {2001}
}
@book{resource,
address = {北京},
author = {栾维新},
publisher = {海洋出版社},
title = {{中国海洋产业高技术化研究}}
year = {2003}
}
@book{Castineira,
address = {England},
author = {Castineira, Moreira Jorge and Patrick, Guy Farrell},
isbn = {9780470029206},
publisher = {John Wiley \& Sons, Ltd},
title = {{Essentials of Error-Control Coding}}
}
@article{liqihu2001,
author = {李启虎},
journal = {声学学报},
month = Apri,
number = {4},
pages = {295--301},
title = {{水声学研究进展}},
volume = {26},
year = {2001}
}
@article{liqihu2002,
author = {李启虎},
journal = {应用声学},
month = jan,
number = {1},
pages = {13--18},
title = {{进入21世纪的声纳技术}},
volume = {21},
year = {2002}
}
@article{luyiqun1991,
author = {路轶群},
journal = {光电子技术与信息},
month = feb,
number = {2},
pages = {1--7},
title = {{蓝绿激光通信及探潜}},
volume = {13},
year = {1991}
}
@article{zhongweizi,
author = {林宇航},
journal = {数字通信},
month = Jan,
number = {1},
pages = {8--9},
title = {{中微子通信：通信技术史上的一场新技术革命}},
volume = {13},
year = {1996}
}

@article{kuperman1998phase,
title={Phase conjugation in the ocean: Experimental demonstration of an acoustic time-reversal mirror},
author={Kuperman, WA and Hodgkiss, William S and Song, Hee Chun and Akal, T and Ferla, C and Jackson, Darrell R},
journal={The journal of the Acoustical Society of America},
volume={103},
pages={25},
year={1998}
}
@article{Geller1996,
title={Equalizer for video rate transmission in multipath underwater communications},
author={Geller, B. and Capellano, V. and Brossier, J.-M. and Essebbar, A. and Jourdain, G.},
journal={Oceanic Engineering, IEEE Journal of},
volume={21},
number = {2},
pages={150-155},
year={1996}
}
@INPROCEEDINGS{Stojanovic2005, 
author={Stojanovic, M. and Freitag, L.}, 
booktitle={OCEANS, 2005. Proceedings of MTS/IEEE}, 
title={Wideband underwater acoustic CDMA: adaptive multichannel receiver design}, 
year={2005}, 
month={sept.}, 
volume={}, 
number={}, 
pages={1508--1513}, 
doi={10.1109/OCEANS.2005.1639969}, 
ISSN={},}

@INPROCEEDINGS{Bragard1990, 
author={Bragard, P. and Jourdain, G.}, 
booktitle={Acoustics, Speech, and Signal Processing, 1990. 1990 International Conference on}, 
title={A fast self-optimized LMS algorithm for non-stationary identification: application to underwater equalization}, 
year={1990}, 
month={apr.}, 
volume={3}, 
number={}, 
pages={1425--1428}, 
doi={10.1109/OCEANS.2005.1639969}, 
ISSN={},}

@INPROCEEDINGS{TXU1997, 
author={Xu, T and Xu,K.}, 
booktitle={International Conference on Shallow-Water Acoustics}, 
title={Research on high data rate transmission in shallow water acoustic
    channel}, 
year={1997}, 
month={April.}, 
volume={}, 
number={}, 
ISSN={},}
@ARTICLE{Stojanovic1996, 
author={Stojanovic, M.}, 
journal={Oceanic Engineering, IEEE Journal of}, title={Recent advances in high-speed underwater acoustic communications }, 
year={1996}, 
month={apr}, 
volume={21}, 
number={2}, 
pages={125--136}, 
doi={10.1109/48.486787}, 
ISSN={0364-9059},}
@ARTICLE{Catipovic1990, 
author={Catipovic, J.A.}, 
journal={Oceanic Engineering, IEEE Journal of}, title={Performance limitations in underwater acoustic telemetry}, 
year={1990}, 
month={jul}, 
volume={15}, 
number={3}, 
pages={205--216}, 
doi={10.1109/48.107149}, 
ISSN={0364-9059},}
@ARTICLE{Woodward1996, 
author={Woodward, B. and Sari, H.}, 
journal={Oceanic Engineering, IEEE Journal of}, title={Digital underwater acoustic voice communications}, 
year={1996}, 
month={apr}, 
volume={21}, 
number={2}, 
pages={181--192}, 
doi={10.1109/48.486793}, 
ISSN={0364-9059},}
@ARTICLE{StojanovicZvonar1996, 
author={Stojanovic, M. and Zvonar, Z.}, 
journal={Oceanic Engineering, IEEE Journal of}, title={Multichannel processing of broad-band multiuser communication signals in shallow water acoustic channels}, 
year={1996}, 
month={apr}, 
volume={21}, 
number={2}, 
pages={156--166}, 
doi={10.1109/48.486791}, 
ISSN={0364-9059},}
@ARTICLE{Stojanovic1994, 
author={Stojanovic, M. and Catipovic, J.A. and Proakis, J.G.}, 
journal={Oceanic Engineering, IEEE Journal of}, title={Phase-coherent digital communications for underwater acoustic channels}, 
year={1994}, 
month={jan}, 
volume={19}, 
number={1}, 
pages={100--111}, 
doi={10.1109/48.289455}, 
ISSN={0364-9059},}

@ARTICLE{Quazi1982, 
author={Quazi, A. and Konrad, W.}, 
journal={IEEE communcation Magazine}, title={Underwater
    Acoustic Communications}, 
year={1982}, 
month={jan}, 
volume={19}, 
number={1}, 
pages={24--29}, 
ISSN={0364-9059},
}

@ARTICLE{Frye2001, 
author={Frye, D.E. and Kemp, J. and Paul, W. and Peters, D.}, 
journal={Oceanic Engineering, IEEE Journal of}, title={Mooring developments for autonomous ocean-sampling networks}, 
year={2001}, 
month={oct}, 
volume={26}, 
number={4}, 
pages={477--486}, 
doi={10.1109/48.972081}, 
ISSN={0364-9059},}

@ARTICLE{Sozer2000, 
author={Sozer, E.M. and Stojanovic, M. and Proakis, J.G.}, 
journal={Oceanic Engineering, IEEE Journal of}, title={Underwater acoustic networks}, 
year={2000}, 
month={jan. }, 
volume={25}, 
number={1}, 
pages={72--83}, 
doi={10.1109/48.820738}, 
ISSN={0364-9059},}

@INPROCEEDINGS{Rice2000, 
author={Rice, J. and Creber, B. and Fletcher, C. and Baxley, P. and Rogers, K. and McDonald, K. and Rees, D. and Wolf, M. and Merriam, S. and Mehio, R. and Proakis, J. and Scussel, K. and Porta, D. and Baker, J. and Hardiman, J. and Green, D.}, 
booktitle={OCEANS 2000 MTS/IEEE Conference and Exhibition}, title={Evolution of Seaweb underwater acoustic networking}, 
year={2000}, 
month={}, 
volume={3}, 
number={}, 
pages={2007--2017}, 
doi={10.1109/OCEANS.2000.882235}, 
ISSN={},}
@INPROCEEDINGS{zhuweiqing1998, 
author={Zhu Wei-Qing and Wang Chang-hong and Pan Feng and Zhu Min and Wang Rui and Zhang Xiang-Jun and Dai Yong-Mei}, 
booktitle={OCEANS '98 Conference Proceedings}, title={Underwater acoustic communication system of AUV}, 
year={1998}, 
month={sep-1 oct}, 
volume={1}, 
number={}, 
pages={477--481}, 
doi={10.1109/OCEANS.1998.725793}, 
ISSN={},}

@article{Cavers1972,
author = {Cavers, J.},
doi = {10.1109/TCOM.1972.1091106},
issn = {0096-2244},
journal = {IEEE Transactions on Communications},
month = feb,
number = {1},
pages = {15--22},
title = {{Variable-Rate Transmission for Rayleigh Fading Channels}},
volume = {20},
year = {1972}
}
@article{Chen2000,
author = {Chen, J. and Fossorier, M.P.C. and Lin, S. and Xu, C.},
doi = {10.1109/4234.898722},
issn = {1089-7798},
journal = {IEEE Communications Letters},
month = dec,
number = {12},
pages = {405--407},
title = {{Bi-directional SOVA decoding for turbo-codes}},
volume = {4},
year = {2000}
}
@inproceedings{Cho2010,
author = {Cho, Steve E and Jolla, La},
booktitle = {OCEANS 2010},
isbn = {9781424443338},
number = {Ml},
pages = {8--11},
title = {{Successive Interference Cancellation for Time-Varying Underwater Acoustic Channels}},
year = {2010}
}
@inproceedings{Cho2009,
author = {Cho, Steve E and Jolla, La},
booktitle = {OCEANS 2009, MTS/IEEE Biloxi - Marine Technology for Our Future: Global and Local Challenges},
number = {2},
pages = {1--7},
title = {{Successive Interference Cancellation for Time-Reversed Underwater Acoustic Channels}},
year = {2009}
}
@inproceedings{Choi2008,
author = {Choi, Jun Won and Drost, Robert J and Singer, Andrew C and Preisig, James},
booktitle = {Sensor Array and Multichannel Signal Processing Workshop, 2008. SAM 2008. 5th IEEE},
number = {1},
pages = {2008--2011},
title = {{ITERATIVE MULTI-CHANNEL EQUALIZATION AND DECODING FOR HIGH FREQUENCY UNDERWATER ACOUSTIC COMMUNICATIONS}},
year = {2008}
}
@article{Cioffi1984,
author = {Cioffi, J and Kailath, T},
journal = {IEEE Tran. on ASSP},
pages = {304--337},
title = {{Fast, recursive-least-squares transversal filters for adaptive filtering}},
volume = {32},
year = {1984}
}
@article{Slock1991,
author = {Slock, D. and Kailath, T.},
journal = {IEEE Tran. on Sig. Proc.},
pages = {92--114},
title = {{Numerically stable fast transversal filters for recursive least squares adaptive filtering}},
volume = {39},
year = {1991}
}
@article{Slock1989,
author = {Slock, D. and Kailath, T.},
journal = {IEEE Tran. on ASSP},
pages = {346--359},
title = {{Fast transversal filters with data sequence weigthing}},
volume = {37},
number = {3},
year = {1989}
}
@article{Slock1992,
author = {Slock, D. and Chisci, L. and Lev-Ari, H. and Kailath, T.},
journal = {IEEE Tran. on Sig. Proc.},
pages = {784--802},
title = {{Modular and numerically stable fast  transversal filters for multichannel and multiexperiment RLS}},
volume = {40},
number = {4},
year = {1992}
}
@article{Benallal1989,
author = {Benallal, A. and Gilloire, A.},
journal = {IEEE on ICASSP'89},
pages = {1031--1034},
title = {{Improvement of the tracking capability of the numerically stable fast RLS algorithms for adaptive filtering}},
volume = {2},
number = {},
year = {1989}
}
@article{Coded2004,
author = {Coded, Trellis and Tutorial, Modulation and Distance, Euclidean},
pages = {1--35},
title = {{Trellis Coded Modulation ( TCM )}},
year = {2004}
}
@book{Codes,
author = {Codes, Turbo},
isbn = {9782817800387},
title = {{No Title}}
}
@article{Colavolpe2001,
author = {Colavolpe, Giulio and Member, Associate and Ferrari, Gianluigi and Member, Student},
number = {5},
pages = {848--859},
title = {{Reduced-State BCJR-Type Algorithms}},
volume = {19},
year = {2001}
}
@article{Combined2000,
author = {Combined, Equalization and Trellis, With and Trellis, Turbo and Modulation, Coded and Channel, Satellite},
isbn = {0780365216},
number = {C},
pages = {0--4},
title = {{EQUALIZATION COMBINED WITH TRELLIS CODED AND TURBO TRELLIS CODED MODULATION IN THE NONLINEAR Sk FtJT}},
volume = {00},
year = {2000}
}

@book{Communications,
author = {Communications, Wireless},
isbn = {0306473143},
title = {{No Title}}
}
@inproceedings{Cotae2010,
author = {Cotae, Paul and Yang, T.C.},
booktitle = {2010 8th International Conference on Communications},
doi = {10.1109/ICCOMM.2010.5509047},
isbn = {978-1-4244-6360-2},
month = jun,
pages = {323--326},
publisher = {Ieee},
title = {{A cyclostationary blind Doppler estimation method for underwater acoustic communications using direct-sequence spread spectrum signals}},
year = {2010}
}
@inproceedings{Daly2010,
author = {Daly, Erica L. and Singer, Andrew C. and Choi, Jun Won and Preisig, James C.},
booktitle = {2010 Conference Record of the Forty Fourth Asilomar Conference on Signals, Systems and Computers},
doi = {10.1109/ACSSC.2010.5757746},
isbn = {978-1-4244-9722-5},
month = nov,
pages = {1319--1323},
publisher = {Ieee},
title = {{Linear turbo equalization with precoding for underwater acoustic communications}},
year = {2010}
}

@inproceedings{ariyavisitakul1998,
author = {Ariyavisitakul, Sirikiat and Li, Ye},
booktitle = {Vehicular Technology Conference, 1998. VTC 98. 48th IEEE},
pages = {2256--2261},
publisher = {IEEE},
volume = {3},
title = {{Joint coding and decision feedback equalization for broadband wireless channels}},
year = {1998}
}

@article{Das2007,
author = {Das, S. and Schniter, P.},
doi = {10.1109/TSP.2007.901660},
issn = {1053-587X},
journal = {IEEE Transactions on Signal Processing},
month = dec,
number = {12},
pages = {5782--5795},
title = {{Max-SINR ISI/ICI-Shaping Multicarrier Communication Over the Doubly Dispersive Channel}},
volume = {55},
year = {2007}
}
@article{Davis2001,
author = {Davis, Linda M and Collings, Iain B and Hoeher, Peter and Member, Senior},
number = {12},
pages = {2106--2114},
title = {{Joint MAP Equalization and Channel Estimation for Frequency-Selective and Frequency-Flat Fast-Fading Channels}},
volume = {49},
year = {2001}
}
@article{Decoding2007,
author = {Decoding, Turbo and Equalization, Turbo and Talakoub, Shahram and Member, Student and Sabeti, Leila},
number = {3},
pages = {1058--1063},
title = {{An Improved Max-Log-MAP Algorithm for}},
volume = {56},
year = {2007}
}
@article{Dejonghe2005,
author = {Dejonghe, a. and Jaspar, X. and Wautelet, X. and Vandendorpe, L.},
doi = {10.1109/ICC.2005.1494406},
isbn = {0-7803-8938-7},
journal = {IEEE International Conference on Communications, 2005. ICC 2005. 2005},
pages = {521--525},
publisher = {Ieee},
title = {{Turbo-equalization considering bit-interleaved turbo-coded modulation: performance bounds}},
year = {2005}
}
@article{Dejonghe2002,
author = {Dejonghe, a. and Vandendorpe, L.},
doi = {10.1109/ICC.2002.997171},
isbn = {0-7803-7400-2},
journal = {2002 IEEE International Conference on Communications. Conference Proceedings. ICC 2002 (Cat. No.02CH37333)},
pages = {1863--1867},
publisher = {Ieee},
title = {{Turbo-equalization for multilevel modulation: an efficient low-complexity scheme}},
volume = {3},
year = {2002}
}
@article{Dejonghe2004,
author = {Dejonghe, Antoine and Vandendorpe, Luc and Member, Senior},
number = {12},
pages = {2061--2065},
title = {{Bit-Interleaved Turbo Equalization Over Static Frequency-Selective Channels: Constellation Mapping Impact}},
volume = {52},
year = {2004}
}
@article{Designs,
author = {Designs, Exit-chart Aided Near-capacity},
title = {{Coding : by}}
}
@article{Doan,
author = {Doan, N.D. and Rajatheva, R.M.a.P.},
doi = {10.1109/VETECS.2000.851666},
isbn = {0-7803-5718-3},
journal = {VTC2000-Spring. 2000 IEEE 51st Vehicular Technology Conference Proceedings (Cat. No.00CH37026)},
pages = {2217--2221},
publisher = {Ieee},
title = {{Turbo equalization for non-binary coded modulation schemes over frequency selective fading channels}},
volume = {3}
}
@article{Drost2007a,
author = {Drost, Robert J and Singer, Andrew C and Member, Senior},
journal = {Signal Processing, IEEE Transactions on},
number = {5},
pages = {2052--2065},
title = {{Factor-Graph Algorithms for Equalization}},
volume = {55},
year = {2007}
}
@book{E.R2009,
address = {New York, New York, USA},
author = {{E. R} and Lin, Shu},
isbn = {9780521848688},
title = {{Channel Codes classical and modern}},
year = {2009}
}
@article{Edelmann2005,
author = {Edelmann, G F and Song, H C and Kim, S and Hodgkiss, W S and Kuperman, W A and Akal, T},
isbn = {0001494104},
journal = {IEEE Journal of Oceanic Engineering},
number = {4},
pages = {852--864},
title = {{Underwater Acoustic Communications Using Time Reversal}},
volume = {30},
year = {2005}
}
@inproceedings{Edelmann2001,
author = {Edelmann, G.F. and Hodgkiss, W.S. and Kim, S. and Kuperman, W.a. and Song, H.C. and Akal, T.},
booktitle = {MTS/IEEE Oceans 2001. An Ocean Odyssey. Conference Proceedings},
doi = {10.1109/OCEANS.2001.968345},
isbn = {0-933957-28-9},
pages = {2231--2235},
publisher = {Marine Technol. Soc},
title = {{Underwater acoustic communication using time reversal}},
volume = {4},
year = {2001}
}
@article{Egualization,
author = {Egualization, Turbo and Perf, Their},
number = {1},
pages = {5--10},
title = {{Turbo}},
volume = {15}
}
@article{Equalization,
author = {Equalization, Joint Turbo and Systems, Mobile Communication},
isbn = {0780372441},
title = {{Joint Turbo Equalization}}
}
@article{Equalization2010,
author = {Equalization, Turbo Block Decision-feedback and Tao, Jun and Member, Student and Zheng, Yahong Rosa and Member, Senior and Xiao, Chengshan and Yang, T C},
journal = {IEEE Journal of Oceanic Engineering},
number = {4},
pages = {948--960},
title = {{Peer-Reviewed Technical Communication Robust MIMO Underwater Acoustic Communications Using}},
volume = {35},
year = {2010}
}
@article{Equalization2005,
author = {Equalization, Turbo and Talakoub, Shahram and Member, Student and Sabeti, Leila and Shahrrava, Behnam and Log-map, Max and Terms, Index},
isbn = {0780391829},
title = {{A Linear Log-MAP Algorithm for Turbo Decoding}},
year = {2005}
}
@article{Falconer2002,
author = {Falconer, David and Benyamin-seeyar, Anader and Corp, Harris},
number = {April},
pages = {58--66},
title = {{Frequency Domain Equalization for Single-Carrier Broadband Wireless Systems}},
year = {2002}
}
@book{FonsecadosSantos2007,
author = {{Fonseca dos Santos}, Andre and Rave, Wolfgang and Fettweis, Gerhard},
booktitle = {2007 IEEE 65th Vehicular Technology Conference - VTC2007-Spring},
doi = {10.1109/VETECS.2007.446},
isbn = {1-4244-0266-2},
issn = {1550-2252},
pages = {2160--2164},
publisher = {IEEE},
title = {{A Low-Complexity Scheduling for Turbo Equalization with Turbo Decoding}},
year = {2007}
}
@book{FonsecadosSantos2007,
author = {{Fonseca dos Santos}, Andre and Rave, Wolfgang and Fettweis, Gerhard},
booktitle = {2007 IEEE 65th Vehicular Technology Conference - VTC2007-Spring},
doi = {10.1109/VETECS.2007.446},
isbn = {1-4244-0266-2},
issn = {1550-2252},
pages = {2160--2164},
publisher = {IEEE},
title = {{A Low-Complexity Scheduling for Turbo Equalization with Turbo Decoding}},
year = {2007}
}
@article{Freya,
author = {Frey, Brendan J and Kschischang, Frank R},
journal = {Electrical Engineering},
title = {{Factor Graphs and Algorithms}}
}
@article{Garcia-Frias2003,
author = {Garcia-Frias, J. and Villasenor, J.D.},
doi = {10.1109/TCOMM.2002.807612},
issn = {0090-6778},
journal = {IEEE Transactions on Communications},
month = jan,
number = {1},
pages = {79--85},
title = {{Combined turbo detection and decoding for unknown isi channels}},
volume = {51},
year = {2003}
}
@article{Giinther1996,
author = {Giinther, Christoph G},
number = {2},
pages = {6--8},
title = {{JG-}},
volume = {45},
year = {1996}
}
@book{Glavieux2007,
address = {London},
author = {Glavieux, Alain},
isbn = {9781905209248},
publisher = {ISTE Ltd},
title = {{Channel Coding in Communication Networks From Theory to Turbocdoes}},
year = {2007}
}
@article{Goldsmith1997,
author = {a.J. Goldsmith and Varaiya, P.P.},
doi = {10.1109/18.641562},
issn = {00189448},
journal = {IEEE Transactions on Information Theory},
number = {6},
pages = {1986--1992},
title = {{Capacity of fading channels with channel side information}},
volume = {43},
year = {1997}
}
@article{Goldsmith1996,
author = {a.J. Goldsmith and Varaiya, P.P.},
doi = {10.1109/18.490551},
issn = {00189448},
journal = {IEEE Transactions on Information Theory},
month = may,
number = {3},
pages = {868--886},
title = {{Capacity, mutual information, and coding for finite-state Markov channels}},
volume = {42},
year = {1996}
}
@article{Grossmann2011,
author = {Grossmann, Marcus},
doi = {10.1109/TVT.2010.2096440},
issn = {0018-9545},
journal = {IEEE Transactions on Vehicular Technology},
month = feb,
number = {2},
pages = {473--484},
title = {{Outage Performance Analysis and Code Design for Three-Stage MMSE Turbo Equalization in Frequency-Selective Rayleigh Fading Channels}},
volume = {60},
year = {2011}
}
@article{zhaoliang,
author = {Liang, Z. and Weiqing, Z. and Min, Z.},
journal = {Journal of Electronics and Information Technology},
number = {3},
pages = {473--484},
title = {{An Adaptive Equalization Algorithm for Underwater Acoustic Coherent Communication System}},
volume = {30},
year = {2008}
}
@inproceedings{Guo,
author = {Guo, Qinghua},
booktitle = {Information Theory, 2005. ISIT 2005. Proceedings. International Symposium on},
number = {3},
pages = {2021--2025},
title = {{Turbo Equalization Based on Factor Graphs}},
year = {2005}
}
@inproceedings{Kocic1994,
author = {Kocic, M. and Brady, D. and Merriam, S.},
booktitle = {Proceedings of the 1994 Symposium on Autonomous Underwa ter Vehicle Technology},
number = {},
pages = {165--170},
title = {{Reduced-complexity RLS estimation for shallow-water channels}},
year = {1994}
}
@inproceedings{Weiqing,
author = {Weiqing, Z. and Changhong, W. and Feng, P.},
booktitle = {in Oceans'98 Conference Proceedings Nice},
number = {1},
pages = {477--481},
title = {{Underwater acoustic communication system of AUV}},
year = {1998}
}
@article{Guo2011,
author = {Guo, Qinghua and Huang, Defeng and Member, Senior},
number = {7},
pages = {3288--3300},
title = {{A Frequency Domain State-Space Approach to LS Estimation and Its Application in Turbo Equalization}},
volume = {59},
year = {2011}
}
@article{Guo2010,
author = {Guo, Shuxia and Liu, Bing},
doi = {10.1109/ETCS.2010.585},
journal = {2010 Second International Workshop on Education Technology and Computer Science},
pages = {526--529},
title = {{Adaptive Turbo Equalization Algorithm Based on the Estimation of Channel Characteristics}},
year = {2010}
}
@book{Haykin,
author = {Haykin, Simon},
title = {{Adptive Filter Theory}},
year = {2001}
}
@article{Hebei2009,
author = {Hebei, Shijiazhuang and Doppler, The},
pages = {51--53},
title = {{Research on Measure Method of Doppler Shift}},
year = {2009}
}
@article{Higley2005,
author = {Higley, W. J. and Roux, Philippe and Kuperman, W. a. and Hodgkiss, W. S. and Song, H. C. and Akal, T. and Stevenson, Mark},
doi = {10.1121/1.2011147},
issn = {00014966},
journal = {The Journal of the Acoustical Society of America},
number = {4},
pages = {2365},
title = {{Synthetic aperture time-reversal communications in shallow water: Experimental demonstration at sea}},
volume = {118},
year = {2005}
}
@article{Hwang2008,
author = {Hwang, SJ and Schniter, Philip},
journal = {Selected Areas in Communications, IEEE Journal on},
number = {9},
pages = {1674--1683},
title = {{Efficient multicarrier communication for highly spread underwater acoustic channels}},
volume = {26},
year = {2008}
}
@article{Hwang2007,
address = {New York, New York, USA},
author = {Hwang, Sung-Jun and Schniter, Philip},
doi = {10.1145/1287812.1287817},
isbn = {9781595937360},
journal = {Proceedings of the second workshop on Underwater networks - WuWNet '07},
pages = {11},
publisher = {ACM Press},
title = {{Efficient communication over highly spread underwater acoustic channels}},
year = {2007}
}
@article{Hwang2008a,
author = {Hwang, Sung-Jun and Schniter, Philip},
doi = {10.1109/JSAC.2008.081207},
issn = {0733-8716},
journal = {IEEE Journal on Selected Areas in Communications},
month = dec,
number = {9},
pages = {1674--1683},
title = {{Efficient Multicarrier Communication for Highly Spread Underwater Acoustic Channels}},
volume = {26},
year = {2008}
}
@article{Hwang2007a,
author = {Hwang, Sung-Jun and Schniter, Philip},
doi = {10.1109/ACSSC.2007.4487372},
isbn = {978-1-4244-2109-1},
issn = {1058-6393},
journal = {2007 Conference Record of the Forty-First Asilomar Conference on Signals, Systems and Computers},
month = nov,
pages = {1005--1009},
publisher = {Ieee},
title = {{Fast Noncoherent Decoding of Block Transmissions over Doubly Dispersive Channels}},
year = {2007}
}
@article{Ibi2006,
author = {Ibi, Shinsuke and Member, Student and Matsumoto, Tad and Member, Senior},
number = {6},
pages = {486--488},
title = {{EXIT Chart-Aided Adaptive Coding for MMSE Turbo Equalization with Multilevel BICM}},
volume = {10},
year = {2006}
}
@article{Ii,
author = {Ii, Part},
title = {{Multipath and Doppler Effects and Models}}
}
@article{Introduction1988,
author = {Introduction, I},
number = {1},
pages = {13--20},
title = {{Reduced-State Sequence Estimation with Set Partitioning and Decision Feedback}},
volume = {36},
year = {1988}
}
@article{Stojanovic1995reduced,
author = {Stojanovic, M and Catipovic, J. and Proakis, J.},
number = {2},
pages = {961--972},
title = {{Reduced-complexity multichannel processing of underwater acoustic communication signals}},
journal={J. Acoust. Soc. Am.},
volume = {98},
year = {1995}
}
@article{Iroise,
author = {Iroise, Technop\^{o}le Brest and Cedex, Brest},
number = {Ic},
pages = {3--6},
title = {{REAL-TIME MMSE TURBO-EQUALIZATION ON THE TMS320C5509 FIXED-POINT DSP}}
}
@article{Jeon1999,
author = {Jeon, Won Gi and Chang, Kyung Hi and Cho, Yong Soo},
number = {1},
pages = {27--32},
title = {{An Equalization Technique for Orthogonal Frequency-Division}},
volume = {47},
year = {1999}
}
@article{Jeong2011,
author = {Jeong, Seongwook and Moon, Jaekyun},
doi = {10.1109/TCOMM.2011.063011.100501},
issn = {0090-6778},
journal = {IEEE Transactions on Communications},
month = oct,
number = {10},
pages = {2729--2741},
title = {{Soft-In Soft-Out DFE and Bi-Directional DFE}},
volume = {59},
year = {2011}
}
@article{Jiang,
author = {Jiang, M and Ng, S X and Hanzol, L},
number = {1},
pages = {2--6},
title = {{TCM, TTCM, BICM and BICM-ID Assisted MMSE Multi-User Detected SDMA-OFDM Using Walsh-Hadamard Spreading M. Jiang, S. X. Ng, L. Hanzol Dept.}}
}
@article{Jiang2004,
author = {Jiang, Sen and Ping, Li and Sun, Hong and Leung, Chi Sing and Lmmse, A Existing and Clmmse, Equalizer},
journal = {IEEE Communications Letters},
number = {3},
pages = {174--176},
title = {{Modified LMMSE Turbo Equalization}},
volume = {8},
year = {2004}
}
@article{Jiang2004a,
author = {Jiang, Sen and Ping, Li and Sun, Hong and Leung, Chi Sing and Lmmse, A Existing and Clmmse, Equalizer},
number = {3},
pages = {174--176},
title = {{Modified LMMSE Turbo Equalization}},
volume = {8},
year = {2004}
}
@inproceedings{Joachim1989,
address = {Dallas, Texas},
author = {Joachim, Hangenauer and Peter, Hoeher},
booktitle = {IEEE Global Telecommunications Conference},
pages = {1680--1686},
title = {{A Viterbi Algorithm with SOft-Decision Outputs and its Applications}},
year = {1989}
}
@inproceedings{George1999,
author = {George-Othon Glentis, Kostas Berberidis and Sergios Theodorodis},
booktitle = {IEEE Signal Processing Magzine},
month = {Jul},
title = {{Efficient Least Squares Adaptive Algorithms for Fir Transversal Filtering}},
year = {1999}
}
@book{Benveniste1990,
address = {Berlin},
author = {Benveniste, A. and Metivier, M. and Priouret, P.},
publisher = {Springer Verlag},
year = {1990},
title = {{Adaptive Algorithms and Stochastic Approximations}}
}
@book{John,
address = {New York},
author = {John, B. Anderson and Arne, Svensson},
isbn = {0306477920},
publisher = {KLUWER ACADEMIC PUBLISHERS},
title = {{Coded Modulation Systems}}
}
@article{Kalantarova2011,
author = {Kalantarova, Nargiz and Kozat, Suleyman S. and Erdogan, Alper T.},
doi = {10.1109/RWS.2011.5725469},
isbn = {978-1-4244-7687-9},
journal = {2011 IEEE Radio and Wireless Symposium},
month = jan,
pages = {359--362},
publisher = {Ieee},
title = {{Robust turbo equalization under channel uncertainties}},
year = {2011}
}
@article{Kalantarova2012,
author = {Kalantarova, Nargiz and Kozat, Suleyman Serdar and Erdogan, Alper T.},
doi = {10.1109/TSP.2011.2162505},
issn = {1053-587X},
journal = {IEEE Transactions on Signal Processing},
month = jan,
number = {1},
pages = {261--273},
title = {{Robust Turbo Equalization Under Channel Uncertainties}},
volume = {60},
year = {2012}
}
@article{Kang2010,
author = {Kang, Taehyuk and Song, H C and Hodgkiss, W S and {Soo Kim}, Jea},
doi = {10.1121/1.3514157},
issn = {1520-8524},
journal = {The Journal of the Acoustical Society of America},
month = dec,
number = {6},
pages = {EL372--7},
pmid = {21218860},
title = {{Long-range multi-carrier acoustic communications in shallow water based on iterative sparse channel estimation.}},
volume = {128},
year = {2010}
}
@article{Koca2004,
author = {Koca, M. and Levy, B.C.},
doi = {10.1109/TWC.2003.821204},
issn = {1536-1276},
journal = {IEEE Transactions on Wireless Communications},
month = jan,
number = {1},
pages = {50--59},
title = {{Turbo Space鈥揟ime Equalization of TCM for Broadband Wireless Channels}},
volume = {3},
year = {2004}
}
@article{Kschischang2001a,
author = {Kschischang, Frank R and Member, Senior and Frey, Brendan J and Loeliger, Hans-andrea},
journal = {IEEE Transactions on Information Theory},
number = {2},
pages = {498--519},
title = {{Factor Graphs and the Sum-Product Algorithm}},
volume = {47},
year = {2001}
}
@article{Kschischang2001,
author = {Kschischang, Frank R and Member, Senior and Frey, Brendan J and Loeliger, Hans-andrea},
journal = {IEEE Transactions on Information Theory},
number = {2},
pages = {498--519},
title = {{Factor Graphs and the Sum-Product Algorithm}},
volume = {47},
year = {2001}
}
@article{Laot2005,
author = {Laot, C. and {Le Bidan}, R. and Leroux, D.},
doi = {10.1109/TWC.2005.847095},
issn = {1536-1276},
journal = {IEEE Transactions on Wireless Communications},
month = may,
number = {3},
pages = {965--974},
title = {{Low-complexity MMSE turbo equalization: a possible solution for EDGE}},
volume = {4},
year = {2005}
}
@article{Laot2001,
author = {Laot, Christophe and Glavieux, Alain and Labat, Jo\"{e}l},
journal = {IEEE Journal on Selected Areas in Communications},
number = {9},
pages = {1744--1752},
title = {{Turbo Equalization : Adaptive Equalization and Channel Decoding Jointly Optimized}},
volume = {19},
year = {2001}
}
@article{LeGoff2006,
author = {{Le Goff}, S.Y. and Sharif, B.S. and Tsimenidis, C.C.},
doi = {10.1109/TCOMM.2006.881181},
issn = {0090-6778},
journal = {IEEE Transactions on Communications},
month = sep,
number = {9},
pages = {1517--1520},
title = {{Bit-interleaved coded modulation with iterative decoding using constellation shaping}},
volume = {54},
year = {2006}
}
@article{LeJosse2006,
author = {{Le Josse}, Nicolas and Laot, Christophe and Amis, Karine},
doi = {10.1109/VTCF.2006.313},
isbn = {1-4244-0062-7},
journal = {IEEE Vehicular Technology Conference},
month = sep,
pages = {1--5},
publisher = {Ieee},
title = {{Performance Validation for MMSE Turbo Equalization in ST-BICM Systems}},
year = {2006}
}
@article{Lee2000,
author = {Lee, Inkyu and Ave, Mountain and Hill, Murray},
isbn = {0780362837},
title = {{The Effect of a Precoder on Serially Concatenated Coding Systems with IS1 Channel}},
year = {2000}
}
@article{Lee1990,
author = {Lee, W.C.Y.},
doi = {10.1109/25.130999},
issn = {00189545},
journal = {IEEE Transactions on Vehicular Technology},
number = {3},
pages = {187--189},
title = {{Estimate of channel capacity in Rayleigh fading environment}},
volume = {39},
year = {1990}
}
@article{Levy2005,
author = {Levy, B.C.},
doi = {10.1109/WCNC.2005.1424537},
isbn = {0-7803-8966-2},
journal = {IEEE Wireless Communications and Networking Conference, 2005},
pages = {420--425},
publisher = {Ieee},
title = {{Decoupling method for low complexity turbo equalization of frequency-selective MIMO wireless systems}},
volume = {1},
year = {2005}
}
@article{Li2008,
author = {Li, Baosheng and Member, Student and Zhou, Shengli and Stojanovic, Milica and Freitag, Lee and Willett, Peter},
journal = {IEEE Journal of Oceanic Engineering},
number = {2},
pages = {198--209},
title = {{Peer-Reviewed Technical Communication}},
volume = {33},
year = {2008}
}
@article{Li2002,
author = {Li, Xiaodong and Chindapol, Aik and Ritcey, James A},
journal = {IEEE Transactions on Communications},
number = {8},
pages = {1250--1257},
title = {{Bit-Interleaved Coded Modulation With Iterative Decoding and 8PSK Signaling}},
volume = {50},
year = {2002}
}
@article{Li,
author = {Li, Xuan and Song, Wen-tao and Luo, Han-wen},
isbn = {0780367286},
number = {200030},
pages = {1259--1263},
title = {{Joint Turbo-Equalization and TTCM}}
}
@article{Liew,
author = {Liew, T H and Yeap, B L and Science, Computer},
title = {{Turbo Coding, Turbo Equalisation and Space-Time Coding}}
}
@book{Lin,
author = {Lin, Shu and Costello, Daniel J},
title = {{Error Control Coding}},
year = {2004}
}
@article{Loeliger2004,
author = {Loeliger, Hans-andrea},
journal = {Signal Processing Magazine, IEEE},
number = {January},
pages = {28--41},
title = {{An introduction to factor graphs}},
year = {2004}
}
@inproceedings{MagniezP.2000,
author = {{Magniez P.} and B., Muquet and P., Duhamel and M., de Courville},
booktitle = {Signals, Systems and Computers, 2000. Conference Record of the Thirty-Fourth Asilomar Conference on},
pages = {1786--1790},
title = {{Improved Turbo-Equalization with Application to Bit Interleaved Modulations}},
year = {2000}
}
@article{Magniez1999,
author = {Magniez, P and Cedex, Cergy-pontoise},
isbn = {0780354354},
pages = {2556--2560},
title = {{Turbo-Equalization applied to Trellis-Coded-Modulations}},
year = {1999}
}
@article{Mai,
author = {Mai, Huiheng and Burr, Alister G and Hirst, Simon and Transmitter, A},
isbn = {0780385233},
pages = {1327--1331},
title = {{Iterative channel estimation}}
}
@article{Marandian,
author = {Marandian, M. and Salehi, M.},
doi = {10.1109/PIMRC.2001.965400},
isbn = {0-7803-7244-1},
journal = {12th IEEE International Symposium on Personal, Indoor and Mobile Radio Communications. PIMRC 2001. Proceedings (Cat. No.01TH8598)},
pages = {A--102--A--106},
publisher = {Ieee},
title = {{Low complexity iterative decision feedback equalizer for 8PSK modulation in time dispersive channels}},
volume = {1}
}
@article{Marandian2002,
author = {Marandian, Mohamadreza and Fridman, Jose and Zvonar, Zoran and Salehi, Masoud},
journal = {International Journal of Wireless Information Networks},
number = {1},
pages = {39--54},
title = {{Performance Analysis of Sliding Window Turbo Decoding Algorithms for 3GPP FDD Mode}},
volume = {9},
year = {2002}
}
@inproceedings{Mendicute2008,
author = {Mendicute, Mikel and Sobr\'{o}n, Iker and Ser, Javier Del and Prieto, Pablo and Isasi, Ricardo},
booktitle = {2008 Third International Conference on Systems and Networks Communications},
doi = {10.1109/ICSNC.2008.13},
isbn = {978-0-7695-3371-1},
pages = {11--16},
publisher = {Ieee},
title = {{Design, Simulation and Implementation of a Channel Equalizer for DVB-T On-channel Repeaters}},
year = {2008}
}
@book{Moon2005,
address = {New Jersey},
author = {Moon, T.K.},
publisher = {John Wiley \& Sons, Ltd},
title = {{Error Correction Coding mathematical Methods and Algorithms}},
year = {2005}
}
@article{Narayanan2001,
author = {Narayanan, K.R.},
doi = {10.1109/49.920177},
issn = {07338716},
journal = {IEEE Journal on Selected Areas in Communications},
month = apr,
number = {4},
pages = {686--698},
title = {{Effect of precoding on the convergence of turbo equalization for partial response channels}},
volume = {19},
year = {2001}
}
@article{Nawaz,
author = {Nawaz, Yassir and Venkatesan, R and Gillard, Paul and John, St and Ab, Canada},
journal = {Engineering},
pages = {1--4},
title = {{Multiple Bit Release Sliding Window Turbo Decoding}}
}
@article{Nissil2007,
author = {Nissil, Mauri},
number = {7},
pages = {1300--1307},
title = {{Transactions Papers Soft-Input Soft-Output Equalizers for Turbo Receivers : A Statistical Physics Perspective}},
volume = {55},
year = {2007}
}
@article{Nowlan1993,
author = {Nowlan, Steven J and Hinton, Geoffrey E},
number = {2},
pages = {275--279},
title = {{Soft Decision-Directed}},
volume = {41},
year = {1993}
}
@article{Nysaeter2007,
author = {Nysaeter, Asgeir},
isbn = {1424400635},
number = {1},
pages = {6--10},
title = {{Linear Minimum Mean Square Turbo Equalization with 16QAM Multiple Trellis Coded Modulation}},
volume = {1},
year = {2007}
}
@article{Nysaeter,
author = {Nysaeter, Asgeir},
pages = {1--7},
title = {{AE \{( hf h \$ f )( h-f )}}}
}
@article{Nysaeter2007a,
author = {Nysaeter, Asgeir},
isbn = {0780389387},
number = {C},
pages = {515--520},
title = {{On Filter-Based Turbo Equalization with Serially Concatenated Trellis Coded Modulation}},
volume = {00},
year = {2007}
}
@inproceedings{Stojanvoic1993adaptive,
author = {Stojanovic, M. and Catipovic, J. and Proakis, J.},
booktitle={in Proc. COMCON 4, Rhodes,Greece},
number = {},
pages = {},
title = {{Adaptive receivers for underwater acoustic communications: their realation to beamforming and diversity combining}},
volume = {},
year = {1993}
}
@article{Nysaetera,
author = {Nysaeter, Asgeir and Otnes, Roald and Defence, Norwegian},
title = {{Adaptive filter-based turbo equalization with trellis coded modulation and frequency hopping}}
}
@article{Ohio2009,
author = {Ohio, The and Avenue, Neil},
isbn = {9781424436965},
pages = {6--10},
title = {{EM-BASED SOFT NONCOHERENT EQUALIZATION OF DOUBLY SELECTIVE CHANNELS USING TREE SEARCH AND BASIS EXPANSION}},
year = {2009}
}
@inproceedings{Otnes2002,
author = {Otnes, R and Schmidbauer, A},
booktitle = {Communications, 2002. ICC 2002. IEEE International Conference on},
isbn = {0780374002},
number = {1},
pages = {1858 -- 1862},
title = {{Performance of Soft Iterative Channel Estimation in Turbo Equalization}},
volume = {3},
year = {2002}
}
@article{Otnes2003,
author = {Otnes, R. and Tuchler, M.},
doi = {10.1109/ICC.2003.1204603},
isbn = {0-7803-7802-4},
journal = {IEEE International Conference on Communications, 2003. ICC '03.},
pages = {2958--2962},
publisher = {Ieee},
title = {{On iterative equalization, estimation, and decoding}},
volume = {4},
year = {2003}
}
@article{Otnes2004,
author = {Otnes, R. and Tuchler, M.},
doi = {10.1109/TWC.2004.837421},
issn = {1536-1276},
journal = {IEEE Transactions on Wireless Communications},
month = nov,
number = {6},
pages = {1918--1923},
title = {{Iterative Channel Estimation for Turbo Equalization of Time-Varying Frequency-Selective Channels}},
volume = {3},
year = {2004}
}
@article{Otnes2004a,
author = {Otnes, R. and Tuchler, M.},
doi = {10.1109/TWC.2004.837421},
issn = {1536-1276},
journal = {IEEE Transactions on Wireless Communications},
month = nov,
number = {6},
pages = {1918--1923},
title = {{Iterative Channel Estimation for Turbo Equalization of Time-Varying Frequency-Selective Channels}},
volume = {3},
year = {2004}
}
@article{Otnes2007,
author = {Otnes, Roald},
isbn = {078039206X},
title = {{Frequency Equalizer with Trellis Coded Modulation Precoder LMMSE Turbo}},
year = {2007}
}
@phdthesis{Otnes2002a,
author = {Otnes, Roald},
isbn = {8247155214},
number = {3359},
school = {Norwegian University of Science and Technology},
title = {{Improved receivers for digital High Frequency communications : Iterative channel estimation , equalization , and decoding ( adaptive turbo equalization )}},
year = {2002}
}
@article{Otnes,
author = {Otnes, Roald},
number = {2027},
pages = {465--468},
title = {{Fractionally spaced linear mmse turbo equalization}}
}
@book{Otnes2002b,
author = {Otnes, Roald},
isbn = {8247155214},
number = {3359},
title = {{Improved receivers for digital High Frequency communications : Iterative channel estimation , equalization , and decoding ( adaptive turbo equalization )}},
year = {2002}
}
@article{Otnes2008,
author = {Otnes, Roald and Eggen, T.H.},
journal = {Oceanic Engineering, IEEE Journal of},
number = {3},
pages = {321--334},
publisher = {IEEE},
title = {{Underwater acoustic communications: long-term test of turbo equalization in shallow water}},
volume = {33},
year = {2008}
}
@inproceedings{PatrickRobertson,
author = {{Patrick Robertson}, Emmanuelle Villebrun and Peter Hoeher},
booktitle = {Communications, 1995. ICC '95 Seattle, 'Gateway to Globalization', 1995 IEEE International Conference on},
pages = {1009--1013},
title = {{A comparison of optimal and sub-optimal map decoding algorithms operating in the log domain}},
year = {1995}
}
@article{Peng2006,
author = {Peng, Fei and Ryan, William E},
isbn = {1424402700},
number = {4},
pages = {1549--1554},
title = {{A Low-Complexity Soft Demapper for OFDM Fading Channels with ICI}},
volume = {00},
year = {2006}
}
@article{Peng2006a,
author = {Peng, YANG and Jian-hua, GE},
journal = {Journal of Xidian University},
number = {3},
pages = {411--415},
title = {{Combination of Turbo equalization and Turbo TCM with low-complexity}},
volume = {33},
year = {2006}
}
@article{wu2000turbo,
author = {Eu, Zining},
journal = {COding and Iterative Detection for Magnetic Recording Channels},
number = {},
pages = {71--102},
title = {{Turbo decision aided equalization for magnetic recording channels}},
volume = {0},
year = {2000}
}
@misc{Polprasert2008a,
author = {Polprasert, C and Ritcey, J A},
booktitle = {Signals, Systems and Computers, 2008 42nd Asilomar Conference on},
doi = {10.1109/ACSSC.2008.5074441},
isbn = {1058-6393 VO  -},
pages = {433--437},
title = {{Performance of the bit-interleaved frequency domain turbo equalization over experimental underwater acoustic channels}},
year = {2008}
}
@inproceedings{Polprasert2008,
author = {Polprasert, Chantri and Ritcey, James A},
booktitle = {Signals, Systems and Computers, 2008 42nd Asilomar Conference on},
pages = {433--437},
title = {{Performance of the Bit-interleaved Frequency Domain Turbo Equalization over Experimental Underwater Acoustic Channels}},
year = {2008}
}
@inproceedings{glavieux1997turbo,
author = {Glavieux, Alain and Laot, Christophe and Labat, Jo{\"e}l},
booktitle = {Proc. Int. Symp. Turbo Codes},
pages = {96--102},
title = {{Turbo equalization over a frequency selective channel}},
year = {1997}
}
@inproceedings{berrou1993,
author = {Berrou, C. and Glavieux, A. and Thitimajshima, P.},
booktitle = {Communications, 1993. ICC '93 Geneva. Technical Program, Conference Record, IEEE International Conference on},
month = {may},
pages = {1064--1070},
title = {{Near Shannon limit error-correctiong coding and decoding: Turbo-codes.}},
year = {1993}
}
@inproceedings{raphaeli2000,
author = {Raphaeli, D and Saguy, A},
booktitle = {Proc. 2nd Intern. Symp. on Turbo Codes, Brest, France},
pages = {371--374},
title = {{Linear equalizers for Turbo equalization: A new optimization criterion for determining the equalizer taps}},
year = {2000}
}
@article{Polprasert2008b,
author = {Polprasert, Chantri and Ritcey, James a.},
doi = {10.1109/ACSSC.2008.5074441},
isbn = {978-1-4244-2940-0},
journal = {2008 42nd Asilomar Conference on Signals, Systems and Computers},
month = oct,
pages = {433--437},
publisher = {Ieee},
title = {{Performance of the bit-interleaved frequency domain turbo equalization over experimental underwater acoustic channels}},
year = {2008}
}
@article{Post1974,
author = {Post, A},
journal = {IEEE Transactions on Information Theory},
number = {January 1972},
pages = {284--287},
title = {{Optimal Decoding of Linear Codes for Minimizing Symbol Error Rate}},
year = {1974}
}
@misc{Proakis2002,
address = {New York, New York, USA},
author = {Proakis, J.G. and Charles, M. Rader and Fuyun, Ling and Chrysostomos, L. Nikias and Marc, Moonen and Ian, K. Proudler},
publisher = {Prentice Hall},
title = {{Algoirthms for Statistical Signal Processing}},
year = {2002}
}
@inproceedings{Prokopec2006,
author = {Prokopec, Jan and Marsalek, Roman},
booktitle = {2006 International Conference on Communication Technology},
doi = {10.1109/ICCT.2006.341877},
isbn = {1-4244-0800-8},
month = nov,
number = {6},
pages = {1--3},
publisher = {Ieee},
title = {{Implementation of iterative Joint algorithm for phase recovery and turbo decoding on TigerSHARC DSP}},
volume = {0},
year = {2006}
}
@article{Pyndiah1998,
author = {Pyndiah, R.M.},
doi = {10.1109/26.705396},
issn = {00906778},
journal = {IEEE Transactions on Communications},
number = {8},
pages = {1003--1010},
title = {{Near-optimum decoding of product codes: block turbo codes}},
volume = {46},
year = {1998}
}
@inproceedings{Qu2009,
author = {Qu, Fengzhong and Yang, Liuqing and Yang, T C},
number = {i},
pages = {1--6},
title = {{High Reliability Direct-Sequence Spread Spectrum for Underwater Acoustic Communications}},
year = {2009}
}
@article{Rafati2011,
author = {Rafati, Amirhossein and Lou, Huang and Xiao, Chengshan},
doi = {10.1109/TVT.2011.2161357},
issn = {0018-9545},
journal = {IEEE Transactions on Vehicular Technology},
month = sep,
number = {7},
pages = {3218--3227},
title = {{Low-Complexity Soft-Decision Feedback Turbo Equalization for MIMO Systems With Multilevel Modulations}},
volume = {60},
year = {2011}
}
@inproceedings{Rafati2011a,
author = {Rafati, Amirhossein and Lou, Huang and Zheng, Yahong Rosa and Xiao, Chengshan},
booktitle = {OCEANS 2011},
number = {4},
pages = {1--5},
title = {{Soft Feedback Turbo Equalization for Underwater Acoustic Communications}},
year = {2011}
}
@inproceedings{Berthet2000,
author = {Berthet, A. and Visoz, R. and Tortelier, P.},
booktitle = {Personal, Indoor and Mobile Radio Communications, 2000. PIMRC 2000. The 11the IEEE International Symposium},
number = {},
volume = {1},
pages = {151--157},
title = {{Sub-optimal turbo-detection for coded 8-PSK signals over ISI channels with application to EDGE advanced mobile system}},
year = {2000}
}
@article{Raheli1995,
author = {Raheli, R. and Polydoros, a.},
doi = {10.1109/26.380054},
issn = {00906778},
journal = {IEEE Transactions on Communications},
number = {2},
pages = {354--364},
title = {{Per-Survivor Processing: a general approach to MLSE in uncertain environments}},
volume = {43},
year = {1995}
}
@article{Ralf2004,
author = {Ralf, Koetter and Andrew, C. Singer and Michael, Tuchler},
journal = {IEEE SIGNAL PROCESSING MAGAZINE},
number = {January 2004},
pages = {67--80},
title = {{Turbo Equalizaiton An iterative equalization and decoding technique for coded data transmission}},
year = {2004}
}
@inproceedings{Raphaeli1997,
author = {Raphaeli, Dan and Yoram, Zarai},
booktitle = {Global Telecommunications Conference, 1997. GLOBECOM '97., IEEE},
pages = {0--4},
title = {{Combined Turbo Equalization And Turbo Decoding}},
volume = {2},
year = {1997}
}
@article{Reynolds,
author = {Reynolds, Daryl and Wang, Xiaodong},
number = {April 2001},
title = {{Low Complexity Turbo-Equalization for Diversity Channels Q PI H D U 楼}}
}
@article{Ritcey1999,
author = {Ritcey, J.a.},
doi = {10.1109/49.761047},
issn = {07338716},
journal = {IEEE Journal on Selected Areas in Communications},
month = apr,
number = {4},
pages = {715--724},
title = {{Trellis-coded modulation with bit interleaving and iterative decoding}},
volume = {17},
year = {1999}
}
@article{Robertson1998,
author = {Robertson, P. and Worz, T.},
doi = {10.1109/49.661109},
issn = {07338716},
journal = {IEEE Journal on Selected Areas in Communications},
number = {2},
pages = {206--218},
title = {{Bandwidth-efficient turbo trellis-coded modulation using punctured component codes}},
volume = {16},
year = {1998}
}
@article{Robertson,
author = {Robertson, Patrick and Hoeher, Peter and Emmanuelle, Villebrun},
journal = {European Transactions on Telecommunications},
number = {2},
title = {{Optimal and Sub-Optimal Maximum A Posteriori Algorithms Suitable for Turbo Decoding}},
volume = {8},
year = {2008}
}
@article{Roy2009,
author = {Roy, Subhadeep and Duman, Tolga M and Member, Senior and Mcdonald, Vincent Keyko},
journal = {IEEE Journal of Oceanic Engineering},
number = {2},
pages = {181--201},
title = {{Error Rate Improvement in Underwater MIMO Communications Using Sparse Partial Response Equalization}},
volume = {34},
year = {2009}
}
@article{Rugini2005,
author = {Rugini, L. and Banelli, P. and Leus, G.},
doi = {10.1109/LCOMM.2005.1461683},
issn = {1089-7798},
journal = {IEEE Communications Letters},
month = jul,
number = {7},
pages = {619--621},
title = {{Simple equalization of time-varying channels for OFDM}},
volume = {9},
year = {2005}
}
@article{Rugini2006,
author = {Rugini, Luca and Banelli, Paolo and Leus, Geert},
doi = {10.1155/ASP/2006/67404},
issn = {1687-6172},
journal = {EURASIP Journal on Advances in Signal Processing},
number = {Ici},
pages = {1--14},
title = {{Low-Complexity Banded Equalizers for OFDM Systems in Doppler Spread Channels}},
volume = {2006},
year = {2006}
}
@article{Rugini2008,
author = {Rugini, Luca and Leus, Geert},
doi = {10.1109/ICASSP.2008.4518258},
isbn = {978-1-4244-1483-3},
issn = {1520-6149},
journal = {2008 IEEE International Conference on Acoustics, Speech and Signal Processing},
month = mar,
pages = {2909--2912},
publisher = {Ieee},
title = {{Iterative channel estimation and turbo equalization for time-varying OFDM systems}},
year = {2008}
}
@article{Ryan2003,
author = {Ryan, William E.},
journal = {Encyclopedia of Telecommunications.},
title = {{Concatenated Convolutional Codes and Iterative Decoding}},
year = {2003}
}
@article{Schlagenhaufer1999,
author = {Schlagenhaufer, Ramon and Petersen, Brent R and Sesay, Abu B},
pages = {71--84},
title = {{Delayed-Decision-Feedback Equalization for Multiuser Systems}},
volume = {1},
year = {1999}
}
@book{Schlegel2004,
address = {Schlegel},
author = {Schlegel, Christian B. and Perez, Lance C.},
isbn = {9786468600},
publisher = {IEEE Press},
title = {{Trellis and Turbo Coding}},
year = {2004}
}
@book{Series,
author = {Series, Springer},
isbn = {9783540783442},
title = {{Springer Series on}}
}
@article{Sethuraman,
author = {Sethuraman, Vignesh and Hajek, Bruce},
title = {{Bit-Interleaved Coded Modulation ( BICM )}}
}
@inproceedings{Shah2009,
author = {Shah, C P and Tsimenidis, C C and Sharif, B S and Neasham, J A},
booktitle = {OCEANS 2009 - EUROPE},
pages = {5--9},
title = {{Iterative Equalization for Underwater Acoustic Channels using Bit Interleaved Coded Modulation and Decision Feedback Equalization}},
year = {2009}
}
@article{Shah2010,
author = {Shah, C. P. and Tsimenidis, C. C. and Sharif, B. S. and Neasham, J. a.},
doi = {10.1109/ISWCS.2010.5624304},
isbn = {978-1-4244-6315-2},
journal = {2010 7th International Symposium on Wireless Communication Systems},
month = sep,
pages = {6--10},
publisher = {Ieee},
title = {{EXIT chart analysis of BICM-ID based receiver for shallow underwater acoustic communications}},
year = {2010}
}
@article{Siderius2010,
author = {Siderius, Martin and Song, Heechun and Gerstoft, Peter and Hodgkiss, William S and Hursky, Paul and Harrison, Chris},
doi = {10.1121/1.3303985},
issn = {1520-8524},
journal = {The Journal of the Acoustical Society of America},
month = apr,
number = {4},
pages = {2193--200},
pmid = {20370000},
title = {{Adaptive passive fathometer processing.}},
volume = {127},
year = {2010}
}
@article{Sifferlen2008,
author = {Sifferlen, James F and Song, H C and Hodgkiss, William S and Kuperman, W A and Stevenson, J Mark},
journal = {IEEE Journal of Oceanic Engineering},
number = {2},
pages = {182--197},
title = {{An Iterative Equalization and Decoding Approach for Underwater Acoustic Communication}},
volume = {33},
year = {2008}
}
@article{Sifferlen2008,
author = {Sifferlen, James F and Song, H C and Hodgkiss, William S and Kuperman, W A and Stevenson, J Mark},
journal = {IEEE Journal of Oceanic Engineering},
number = {2},
pages = {182--197},
title = {{An Iterative Equalization and Decoding Approach for Underwater Acoustic Communication}},
volume = {33},
year = {2008}
}
@article{Song2010,
author = {Song, Aijun and Badiey, Mohsen and Song, H C and Hodgkiss, W S},
doi = {10.1121/1.3459843},
issn = {1520-8524},
journal = {The Journal of the Acoustical Society of America},
month = aug,
number = {2},
pages = {555--8},
pmid = {20707422},
title = {{Impact of source depth on coherent underwater acoustic communications.}},
volume = {128},
year = {2010}
}
@article{Song2008,
author = {Song, Aijun and Badiey, Mohsen and Song, H. C. and Hodgkiss, William S. and Porter, Michael B.},
doi = {10.1121/1.2828055},
issn = {00014966},
journal = {The Journal of the Acoustical Society of America},
number = {2},
pages = {856},
title = {{Impact of ocean variability on coherent underwater acoustic communications during the Kauai experiment (KauaiEx)}},
volume = {123},
year = {2008}
}
@article{Song2009,
author = {Song, H C and Dzieciuch, M},
doi = {10.1121/1.3035830},
issn = {1520-8524},
journal = {The Journal of the Acoustical Society of America},
month = jan,
number = {1},
pages = {8--10},
pmid = {19173386},
title = {{Feasibility of global-scale synthetic aperture communications.}},
volume = {125},
year = {2009}
}
@article{Song2007,
author = {Song, H C and Hodgkiss, W S and Kim, Sea-Moon},
doi = {10.1121/1.2782820},
issn = {1520-8524},
journal = {The Journal of the Acoustical Society of America},
month = nov,
number = {5},
pages = {2517--8},
pmid = {18189540},
title = {{Performance prediction of passive time reversal communications.}},
volume = {122},
year = {2007}
}
@article{Song2009a,
author = {Song, H C and Hodgkiss, W S and Kuperman, W a and Akal, T and Stevenson, M},
doi = {10.1121/1.3160284},
issn = {1520-8524},
journal = {The Journal of the Acoustical Society of America},
month = aug,
number = {2},
pages = {561--3},
pmid = {19640018},
title = {{High-frequency acoustic communications achieving high bandwidth efficiency.}},
volume = {126},
year = {2009}
}
@article{Song2009b,
author = {Song, H C and Hodgkiss, W S and Kuperman, W a and Akal, T and Stevenson, M},
doi = {10.1121/1.3257184},
issn = {1520-8524},
journal = {The Journal of the Acoustical Society of America},
month = dec,
number = {6},
pages = {3057--61},
pmid = {20000919},
title = {{High-rate synthetic aperture communications in shallow water.}},
volume = {126},
year = {2009}
}
@article{Song2009c,
author = {Song, H C and Hodgkiss, W S and Kuperman, W a and Akal, T and Stevenson, M},
doi = {10.1121/1.3257184},
issn = {1520-8524},
journal = {The Journal of the Acoustical Society of America},
month = dec,
number = {6},
pages = {3057--61},
pmid = {20000919},
title = {{High-rate synthetic aperture communications in shallow water.}},
volume = {126},
year = {2009}
}
@article{Song2007a,
author = {Song, H C and Hodgkiss, W S and Kuperman, W a and Sabra, K G and Akal, T and Stevenson, M},
doi = {10.1121/1.2799508},
issn = {1520-8524},
journal = {The Journal of the Acoustical Society of America},
month = dec,
number = {6},
pages = {3296--303},
pmid = {18247741},
title = {{Passive reverberation nulling for target enhancement.}},
volume = {122},
year = {2007}
}
@inproceedings{Song2004,
author = {Song, H C and Hodgkiss, W S and Skinner, J D and Jolla, La and Pallayil, Venugopalan and Seekings, Paul James and Potter, John Robert},
booktitle = {OCEANS 2006 - Asia Pacific},
pages = {1--6},
title = {{Numerical Modeling of a Time Reversal Experiment in Shallow Singapore Waters}},
volume = {11},
year = {2004}
}
@article{Song2010a,
author = {Song, H C and Hodgkiss, W S and van Walree, P a},
doi = {10.1121/1.3466860},
issn = {1520-8524},
journal = {The Journal of the Acoustical Society of America},
month = sep,
number = {3},
pages = {969--72},
pmid = {20815434},
title = {{Phase-coherent communications without explicit phase tracking.}},
volume = {128},
year = {2010}
}
@article{Song2010b,
author = {Song, H C and Kim, J S and Hodgkiss, W S and Joo, J H},
doi = {10.1121/1.3280234},
issn = {1520-8524},
journal = {The Journal of the Acoustical Society of America},
month = feb,
number = {2},
pages = {EL19--22},
pmid = {20136173},
title = {{Crosstalk mitigation using adaptive time reversal.}},
volume = {127},
year = {2010}
}
@article{Song2010c,
author = {Song, H C and Kim, J S and Hodgkiss, W S and Kuperman, W a and Stevenson, M},
doi = {10.1121/1.3488309},
issn = {1520-8524},
journal = {The Journal of the Acoustical Society of America},
month = nov,
number = {5},
pages = {2920--5},
pmid = {21110587},
title = {{High-rate multiuser communications in shallow water.}},
volume = {128},
year = {2010}
}
@article{Song2007b,
author = {Song, H C and Kim, S M},
doi = {10.1121/1.2721877},
issn = {1520-8524},
journal = {The Journal of the Acoustical Society of America},
month = jun,
number = {6},
pages = {3277--9},
pmid = {17552678},
title = {{Retrofocusing techniques in a waveguide for acoustic communications.}},
volume = {121},
year = {2007}
}
@article{Song2009d,
author = {Song, H C and Kuperman, W a and Hodgkiss, W S},
doi = {10.1121/1.3021435},
issn = {1520-8524},
journal = {The Journal of the Acoustical Society of America},
month = jan,
number = {1},
pages = {212--7},
pmid = {19173408},
title = {{Basin-scale time reversal communications.}},
volume = {125},
year = {2009}
}
@article{Song2006,
author = {Song, H. C. and Hodgkiss, W. S. and Kuperman, W. a. and Higley, W. J. and Raghukumar, K. and Akal, T. and Stevenson, M.},
doi = {10.1121/1.2338286},
issn = {00014966},
journal = {The Journal of the Acoustical Society of America},
number = {4},
pages = {2067},
title = {{Spatial diversity in passive time reversal communications}},
volume = {120},
year = {2006}
}
@article{Balaban1992,
author = {Balaban, P. and Salz, J.},
journal = {IEEE Trans. on Commun.},
number = {5},
pages = {895--907},
title = {{Optimum diversity combining and equalization in digital data transmission with applications to cellular mobile radio}},
volume = {40},
year = {1977}
}
@article{Monsen1977,
author = {Monsen, P.},
journal = {IEEE Trans. on Commun.},
number = {10},
pages = {1144--1153},
title = {{Theoretical and measured performance of a DFE modem on a fading multipath channel}},
volume = {25},
year = {1977}
}
@misc{catipovic1996spatial,
title={Spatial diversity processing for underwater acoustic telemetry},
author={Catipovic and Josko, A. and Freitag, Lee E},
year = {1996},
month = {sep},
publisher = {Google Patents},
note = {US Patent 5,559,757}
}
@article{Song2006a,
author = {Song, H.C. and Hodgkiss, W.S. and Kuperman, W.a. and Stevenson, M. and Akal, T.},
doi = {10.1109/JOE.2006.876139},
issn = {0364-9059},
journal = {IEEE Journal of Oceanic Engineering},
month = apr,
number = {2},
pages = {487--496},
title = {{Improvement of Time-Reversal Communications Using Adaptive Channel Equalizers}},
volume = {31},
year = {2006}
}
@inproceedings{Song2003,
author = {Song, H.C. and Hodgkiss, W.S. and Roux, P.},
booktitle = {OCEANS '04. MTTS/IEEE TECHNO-OCEAN '04},
isbn = {0780386698},
number = {April},
pages = {2225--2229},
title = {{Coherent MlMO Time Reversal Communications in Shallow Water}},
year = {2003}
}
@inproceedings{Ritcey1992,
author = {Wen, Q. and Ritcey, J.A.},
booktitle = {Signals, Systems and Computers, 1992. Conference Record of The Twenty-Sixth Asilomar Conference on},
number = {},
volume = {2},
pages = {1132--1136},
title = {{Spatial diversity equalization for underwater acoustic communications}},
year = {1992}
}
@inproceedings{Gooch1988,
author = {Gooch, R. and Sublett, B.},
booktitle = {Signals, Systems and Computers, 1988. Conference Record of The Twenty-Sixth Asilomar Conference on},
number = {},
volume = {},
pages = {255--259},
title = {{Joint spatial and temporal equalization in a decision-directed adaptive antenna system}},
year = {1988}
}
@article{Song2006b,
author = {Song, H.C. and Roux, P. and Hodgkiss, W.S. and Kuperman, W.a. and Akal, T. and Stevenson, M.},
doi = {10.1109/JOE.2005.850911},
issn = {0364-9059},
journal = {IEEE Journal of Oceanic Engineering},
month = jan,
number = {1},
pages = {170--178},
title = {{Multiple-Input鈥揗ultiple-Output Coherent Time Reversal Communications in a Shallow-Water Acoustic Channel}},
volume = {31},
year = {2006}
}

@article{douillard1995,
author = {Douillard, Catherine and J{\'e}z{\'e}quel, Michel and Berror, Claude and Picart, Snnie and Didier, Pierre and Gavieux, Alain and others},
journal = {European Transactions on Telecommunications},
month = jan,
number = {5},
pages = {507--511},
title = {{Iterative correction of intersymbol interference: Turbo Equalization}},
volume = {6},
year = {1995}
}
@article{Song2004a,
author = {Song, S. and a.C. Singer and Sung, K.-M.},
doi = {10.1109/TSP.2004.834270},
issn = {1053-587X},
journal = {IEEE Transactions on Signal Processing},
month = oct,
number = {10},
pages = {2885--2894},
title = {{Soft Input Channel Estimation for Turbo Equalization}},
volume = {52},
year = {2004}
}
@inproceedings{Song2002,
address = {Urbana-Champaign},
author = {Song, Seongwook and Singer, Andrew C and Sun, Koeng-mo},
booktitle = {Acoustics, Speech, and Signal Processing (ICASSP), 2002 IEEE International Conference on},
isbn = {0780374029},
pages = {2805--2808},
title = {{Turbo equalization with AN UNKNOWN CHANNEL}},
year = {2002}
}
@article{Sont2002,
author = {Sont, Seongwook and Singer, Andrew C and Sung, Koeng-mo},
isbn = {0780374029},
pages = {2805--2808},
title = {{Seongwook Sont, Andrew}},
year = {2002}
}
@article{Sozer2001,
author = {Sozer, E.M. and Proakis, J.G. and Blackmon, F.},
doi = {10.1109/OCEANS.2001.968339},
isbn = {0-933957-28-9},
journal = {MTS/IEEE Oceans 2001. An Ocean Odyssey. Conference Proceedings (IEEE Cat. No.01CH37295)},
pages = {2201--2208},
publisher = {Marine Technol. Soc},
title = {{Iterative equalization and decoding techniques for shallow water acoustic channels}},
volume = {4},
year = {2001}
}
@article{Ste-foy2011,
author = {Ste-foy, Laval},
isbn = {9781457706905},
pages = {79--82},
title = {{LOW COMPLEXITY LINEAR MMSE EQUALIZATION , CHANNEL DECODING AND ESTIMATION FOR FREQUENCY SELECTIVE FAST FADING CHANNELS . Berdai Abdellah and Jean-Yves Chouinard Laboratoire de Radiocommunications et de Traitement du Signal ( LRTS ) Universit 麓}},
year = {2011}
}
@book{Sweeney2002,
address = {England},
author = {Sweeney, Peter},
title = {{Error Control coding from theory to practice}},
year = {2002}
}
@article{Systems1982,
author = {Systems, Communication},
journal = {IEEE Transactions on Communications},
number = {5},
pages = {896--903},
title = {{Coded Error Probability Evaluation for Antijam}},
volume = {30},
year = {1982}
}
@article{Talakoub2005,
author = {Talakoub, S. and Sabeti, L. and Shahrrava, B. and Ahmadi, M.},
doi = {10.1109/IMTC.2005.1604435},
isbn = {0-7803-8879-8},
journal = {2005 IEEE Instrumentationand Measurement Technology Conference Proceedings},
pages = {1591--1595},
publisher = {Ieee},
title = {{A Simplified Log-MAP Algorithm for Turbo Equalization}},
volume = {3},
year = {2005}
}
@article{Tao2011,
author = {Tao, Jun and Wu, Jingxian and Zheng, Yahong Rosa and Xiao, Chengshan},
number = {8},
pages = {3813--3823},
title = {{Enhanced MIMO LMMSE Turbo Equalization : Experimental Results}},
volume = {59},
year = {2011}
}
@article{Tao2011a,
author = {Tao, Jun and Wu, Jingxian and Zheng, Yahong Rosa and Xiao, Chengshan},
number = {8},
pages = {3813--3823},
title = {{Enhanced MIMO LMMSE Turbo Equalization : Experimental Results}},
volume = {59},
year = {2011}
}
@inproceedings{Tao2009,
author = {Tao, Jun and Zheng, Yahong Rosa and Xiao, Chengshan and Yang, T C},
booktitle = {OCEANS 2009, MTS/IEEE Biloxi - Marine Technology for Our Future: Global and Local Challenges},
number = {1},
pages = {1--6},
title = {{Iterative Block Decision Feedback Equalization for MIMO Underwater Acoustic Communications}},
year = {2009}
}
@article{Techniques1999,
author = {Techniques, Diversity-combining and Alouini, Mohamed-slim and Ieee, Member and Goldsmith, Andrea J},
number = {4},
pages = {1165--1181},
title = {{Capacity of Rayleigh Fading Channels Under Different Adaptive Transmission and}},
volume = {48},
year = {1999}
}
@book{THOMAS2006,
address = {New Jersey},
author = {THOMAS, M. COVER and JOY, A. THOMAS},
edition = {Second},
isbn = {9780471241959},
title = {{Elements of information theory}},
year = {2006}
}
@inproceedings{Tiichler2002,
author = {Tiichler, Michael},
booktitle = {MILCOM 2002. Proceedings},
pages = {99--104},
title = {{IMPROVED RECEIVERS FOR DIGITAL HIGH FREQUENCY WAVEFORMS USING TURBO EQUALIZATION}},
volume = {1},
year = {2002}
}
@book{Torrieri,
address = {New York, New York, USA},
author = {Torrieri, Don},
edition = {Second},
isbn = {9781441995940},
publisher = {Springer US},
title = {{Principles of Spread-Spectrum Communication Systems}}
}
@article{Traer2009,
author = {Traer, James and Gerstoft, Peter and Song, H C and Hodgkiss, William S},
doi = {10.1121/1.3206696},
issn = {1520-8524},
journal = {The Journal of the Acoustical Society of America},
month = oct,
number = {4},
pages = {1657--8},
pmid = {19813779},
title = {{On the sign of the adaptive passive fathometer impulse response.}},
volume = {126},
year = {2009}
}
@article{Trajkovi2007,
author = {Trajkovi, Vladimir D and Fu, Minyue and Schreier, Peter J},
isbn = {1424415578},
pages = {480--484},
title = {{Near-Capacity Turbo Equalization Using Optimized Turbo Codes}},
year = {2007}
}
@book{Tranceivers2002,
address = {England},
author = {Tranceivers, Adaptive Wireless and Hanzo, L and Wong, C H and Yee, M S},
isbn = {0470846895},
pages = {0--470},
publisher = {IEEE Press},
title = {{ADAPTlVE WlRELESS TRANSCElVERS}},
volume = {5},
year = {2002}
}
@article{Transactions1983,
author = {Transactions, Ieee},
journal = {Acoustics, Speech and Signal Processing, IEEE Transactions on},
number = {6},
pages = {1394--1402},
title = {{A Fast Sequential Algorithm for Least-Squares}},
volume = {31},
year = {1983}
}
@article{Transmitter2009,
author = {Transmitter, A The},
isbn = {9781424429486},
title = {{Turbo Equalization With Channel Prediction and Iterative Channel Estimation}},
year = {2009}
}
@inproceedings{Tuchler2001,
author = {Tuchler, Michael and Hagenauer, Joachim},
booktitle = {Vehicular Technology Conference, 2001. VTC 2001 Fall. IEEE VTS 54th},
pages = {2773--2777},
title = {{Linear time and frequency domain turbo equalization}},
volume = {4},
year = {2001}
}
@article{Tuchler,
author = {Tuchler, Michael and Hagenauer, Joachim},
title = {{"Turbo Equalization" using frequecny domain equalizers}}
}
@article{Tuchler2002,
author = {T\"{u}chler, Michael and Koetter, Ralf and Singer, Andrew C},
journal = {Communications, IEEE Transactions on},
number = {5},
pages = {754--767},
title = {{Turbo Equalization : Principles and New Results}},
volume = {50},
year = {2002}
}
@article{Tuchler2011,
author = {T\"{u}chler, Michael and Singer, Andrew C},
journal = {IEEE Transactions on Information Theory},
number = {2},
pages = {920--952},
title = {{Turbo Equalization : An Overview}},
volume = {57},
year = {2011}
}
@article{Tuchler2002a,
author = {T\"{u}chler, Michael and Singer, Andrew C and Koetter, Ralf},
journal = {IEEE Transactions on Signal Processing},
number = {3},
pages = {673--683},
title = {{Minimum Mean Squared Error Equalization Using A Priori Information}},
volume = {50},
year = {2002}
}
@article{Tuchler2002b,
author = {T\"{u}chler, Michael and Singer, Andrew C and Koetter, Ralf},
journal = {IEEE Transactions on Signal Processing},
number = {3},
pages = {673--683},
title = {{Minimum Mean Squared Error Equalization Using A Priori Information}},
volume = {50},
year = {2002}
}
@article{Tungsrisaguan2002,
author = {Tungsrisaguan, E and Member, Student and Rajatheva, R M A P},
number = {3},
pages = {93--95},
title = {{Turbo Equalization With Sequential Sequence Estimation Over Multipath Fading Channels}},
volume = {6},
year = {2002}
}
@article{Turbo-equalization2003,
author = {Turbo-equalization, Mmse},
isbn = {0780378024},
pages = {2928--2932},
title = {{A Comparison of Bit and Symbol Interleaving in}},
year = {2003}
}
@inproceedings{Vlahoyiannatos2001,
author = {Vlahoyiannatos, S and Ng, S X and Hanzo, L},
booktitle = {EUROCON'2001, Trends in Communications, International Conference on.},
pages = {508--512},
title = {{Combineed Trellis-Coded Modulation and Blind Turbo Equalisation}},
year = {2001}
}
@article{Vogelbruch2003,
author = {Vogelbruch, F. and Haar, S.},
doi = {10.1109/GLOCOM.2003.1258534},
isbn = {0-7803-7974-8},
journal = {GLOBECOM '03. IEEE Global Telecommunications Conference (IEEE Cat. No.03CH37489)},
pages = {1736--1740},
publisher = {Ieee},
title = {{Improved soft isi cancellation for turbo equalization using full soft output channel decoder\~{}s information}},
year = {2003}
}
@inproceedings{Vogelbruch2002,
author = {Vogelbruch, Fabian and Zukunft, Roland and Haar, Sven},
booktitle = {Signals, Systems and Computers, 2002. Conference Record of the Thirty-Sixth Asilomar Conference on},
pages = {1943--1947},
title = {{16-QAM turbo equalization based on minimum mean squared error linear equalization}},
volume = {2},
year = {2002}
}
@article{Vucetic1991,
author = {Vucetic, B.},
doi = {10.1109/26.87156},
issn = {00906778},
journal = {IEEE Transactions on Communications},
month = may,
number = {5},
pages = {653--663},
title = {{An adaptive coding scheme for time-varying channels}},
volume = {39},
year = {1991}
}
@article{Walree2009,
author = {Walree, Paul A Van and Leus, Geert and Member, Senior},
journal = {IEEE Journal of Oceanic Engineering},
number = {4},
pages = {645--655},
title = {{Robust Underwater Telemetry With Adaptive Turbo Multiband Equalization}},
volume = {34},
year = {2009}
}
@inproceedings{Walree2008,
author = {Walree, Paul Van and Sangfelt, E and Leus, G},
booktitle = {OCEANS 2008},
pages = {1--8},
title = {{Multicarrier spread spectrum for covert acoustic communications}},
year = {2008}
}
@article{Wei-qing2008a,
author = {Wei-qing, Zhu and Min, Zhu},
journal = {Journal of Electronics},
pages = {4--7},
title = {{An Adaptive Equalization Algorithm for Underwater Acoustic Coherent Communication System}},
year = {2008}
}
@article{Wei-qing2008,
author = {Wei-qing, Zhu and Min, Zhu},
journal = {Journal of Electronics},
pages = {4--7},
title = {{An Adaptive Equalization Algorithm for Underwater Acoustic Coherent Communication System}},
year = {2008}
}
@article{Wong2002,
author = {Wong, Tan E and Li, Xin and Shea, J M},
journal = {Electronics letters},
number = {3},
pages = {22--24},
title = {{Mapping optimisation for turbo-equalisation improved by iterative demapping}},
volume = {38},
year = {2002}
}
@article{Woodard2000,
author = {Woodard, Jason P and Hanzo, Lajos},
journal = {IEEE transactions on vehicular technology},
number = {6},
pages = {2208--2233},
title = {{Comparative Study of Turbo Decoding Techniques : An Overview}},
volume = {49},
year = {2000}
}
@article{Wu2010,
author = {Wu, Chuan and Bao, Dan and Zeng, Xiaoyang and Shen, Bo and System, A Atsc},
number = {4},
pages = {2148--2154},
title = {{An Efficient Iterative Frequency Domain Equalization for ATSC DTV Receiver}},
volume = {56},
year = {2010}
}
@inproceedings{Wu2002,
author = {Wu, CM and Shieh, MD and Wu, Chien-hsing},
booktitle = {Circuits and Systems, 2002. ISCAS 2002. IEEE International Symposium on},
isbn = {0780374487},
pages = {557--560},
title = {{Memory arrangements in turbo decoders using sliding-window BCJR algorithm}},
volume = {5},
year = {2002}
}
@article{Wusheng2009,
author = {Wusheng, Zhao and Yongqing, Fu and Qiang, Lv},
doi = {10.1109/HIS.2009.313},
isbn = {978-0-7695-3745-0},
journal = {2009 Ninth International Conference on Hybrid Intelligent Systems},
pages = {489--492},
publisher = {Ieee},
title = {{The Turbo Equalization in Bit Interleaved Coded Modulation with Iterative Decoding}},
year = {2009}
}
@inproceedings{Xiang2003,
author = {Xiang, Cheng and S, Yuan Dongfeng and Xiangming, Y U},
booktitle = {Communications, Circuits and Systems, 2005. Proceedings. 2005 International Conference on},
number = {60372030},
pages = {124--127},
title = {{The Improvement of Turbo Equalization through Using Turbo Codes}},
year = {2003}
}
@article{Xiao2007,
author = {Xiao, Pei and Carrasco, Rolando and Wassell, Ian},
doi = {10.1109/TWC.2007.060393},
issn = {1536-1276},
journal = {IEEE Transactions on Wireless Communications},
month = nov,
number = {11},
pages = {3920--3925},
title = {{Iterative Equalization and TCM Decoding with Refined Channel Value}},
volume = {6},
year = {2007}
}
@article{Xu2009,
author = {Xu, Hua and Sun, Gaofei and Li, Ming},
doi = {10.1109/WICOM.2009.5303687},
isbn = {978-1-4244-3691-0},
journal = {2009 5th International Conference on Wireless Communications, Networking and Mobile Computing},
month = sep,
pages = {1--4},
publisher = {Ieee},
title = {{The Data Reuse LMS Channel Estimation Algorithm in Turbo Equalization}},
year = {2009}
}
@article{Yang2007,
author = {Yang, P and Ge, J},
doi = {10.1049/iet-com},
number = {4},
pages = {772--775},
title = {{Combination of turbo equalisation and Turbo Trellis-coded modulation with low complexity}},
year = {2007}
}
@article{Yang2005,
author = {Yang, Peng and Ge, Jian-hua},
doi = {10.1109/ISCIT.2005.1566874},
isbn = {0-7803-9538-7},
journal = {IEEE International Symposium on Communications and Information Technology, 2005. ISCIT 2005.},
number = {1},
pages = {370--373},
publisher = {Ieee},
title = {{Combination of turbo equalization and turbo TCM for mobile communication system}},
volume = {1},
year = {2005}
}
@article{Yang2004,
author = {Yang, T.C.},
doi = {10.1109/JOE.2004.827122},
issn = {0364-9059},
journal = {IEEE Journal of Oceanic Engineering},
month = apr,
number = {2},
pages = {472--487},
title = {{Differences Between Passive-Phase Conjugation and Decision-Feedback Equalizer for Underwater Acoustic Communications}},
volume = {29},
year = {2004}
}
@inproceedings{Yang2009,
author = {Yang, T.C.},
booktitle = {2009 Conference Record of the Forty-Third Asilomar Conference on Signals, Systems and Computers},
doi = {10.1109/ACSSC.2009.5469904},
isbn = {978-1-4244-5825-7},
pages = {595--599},
publisher = {Ieee},
title = {{A study of multiplicity and diversity in MIMO underwater acoustic communications}},
year = {2009}
}
@inproceedings{Yeap2001,
author = {Yeap, B. L. and Liew, T. H. and Hanzo, L.},
booktitle = {Vehicular Technology Conference, 2001. VTC 2001 Spring. IEEE VTS 53rd},
pages = {1464--1468},
title = {{TURBO EQUALIZATION OF SERIALLY CONCATENATED SYSTEMATIC CONVOLUTIONAL CODES AND SYSTEMATIC SPACE TIME TRELLIS CODES}},
year = {2001}
}
@article{Yeap2002,
author = {Yeap, Bee Leong and Liew, Tong Hooi and H\'{a}morsk\'{y}, J and Hanzo, Lajos and Member, Senior},
number = {2},
pages = {266--273},
title = {{Comparative Study of Turbo Equalization Schemes Using Convolutional , Convolutional Turbo , and Block-Turbo Codes}},
volume = {1},
year = {2002}
}
@book{Yeung2008,
address = {Boston, MA},
author = {Yeung, Raymond W},
doi = {10.1007/978-0-387-79234-7},
isbn = {978-0-387-79233-0},
publisher = {Springer US},
title = {{Information Theory and Network Coding}},
year = {2008}
}
@inproceedings{Ykhlef2007,
author = {Ykhlef, Farid and A., Guessoum and D., Berkani},
booktitle = {4th International Conference: Sciences aof Electronic, Technologies of Information and Telecommunications},
title = {{Fast Recursive Least Squares Algorithm for Acoustic Echo Cancellation Application}},
year = {2007}
}
@article{Zeng2012,
author = {Zeng, Wen-Jun and Xu, Wen},
doi = {10.1121/1.3665992},
issn = {1520-8524},
journal = {The Journal of the Acoustical Society of America},
month = jan,
number = {1},
pages = {303--17},
pmid = {22280593},
title = {{Fast estimation of sparse doubly spread acoustic channels.}},
volume = {131},
year = {2012}
}
@article{Zhang2011,
author = {Zhang, Chao and Wang, Zhaocheng and Member, Senior},
number = {3},
pages = {1295--1301},
title = {{Low-Complexity Iterative Frequency Domain Decision Feedback Equalization}},
volume = {60},
year = {2011}
}
@inproceedings{Zhang2009,
author = {Zhang, Jian and Zheng, Y.R. and Xiao, Chengshan},
booktitle = {OCEANS 2009-EUROPE},
pages = {1--5},
publisher = {IEEE},
title = {{Frequency-domain turbo equalization for MIMO underwater acoustic communications}},
year = {2009}
}
@article{Zhang2011a,
author = {Zhang, Jian and Zheng, Yahong Rosa},
doi = {10.1109/TWC.2011.072511.100324},
issn = {1536-1276},
journal = {IEEE Transactions on Wireless Communications},
month = sep,
number = {9},
pages = {2872--2882},
title = {{Frequency-Domain Turbo Equalization with Soft Successive Interference Cancellation for Single Carrier MIMO Underwater Acoustic Communications}},
volume = {10},
year = {2011}
}
@inproceedings{Anastasopoulos1997,
author = {Anastasopoulos, A and Chugg, KM},
booktitle = {Signals, Systems \& Computers, 1997. Conference Record of the Thirty-First Asilomar Conference on},
pages = {177--181},
title = {{Iterative equalization/decoding of TCM for frequency-selective fading channels}},
year = {1997}
}
@article{ALEXANDRA1989,
author = {ALEXANDRA, DUEL-HALLEN and CHRIS, HEEGARD},
journal = {IEEE Transactions on Communications},
number = {5},
pages = {428--436},
title = {{Delayed decision-feedback sequence estimation}},
volume = {37},
year = {1989}
}
@book{Hanzo2002,
address = {England},
author = {Hanzo, L. and Liew, T.H. and Yeap, B.L.},
isbn = {0470847263},
publisher = {John Wiley \& Sons, Ltd},
title = {{Turbo Coding, Turbo Equalisation and Space-Time Coding for Transmission over Fading Channel}},
year = {2002}
}
@book{Franz2011,
address = {Burlington},
author = {Franz, Hlawatsch and Gerald, Matz},
edition = {First},
isbn = {9780123744838},
publisher = {Elsevier Ltd.},
title = {{Wireless Communications over Rapidly Time-Varying Channels}},
year = {2011}
}
@article{Stojanovic1994,
author = {Stojanovic, Milica and Josko, A. Catipovic and Proakis, J.G.},
journal = {IEEE Journal of Oceanic Engineering},
number = {1},
pages = {100--111},
title = {{Phase-Coherent Digital Communications for Underwater Acoustic Channels}},
volume = {19},
year = {1994}
}
C
